@misc{Tanner1833,
  title = {Africa.},
  author = {Tanner, Henry S.},
  date = {1833},
  publisher = {Henry Tanner},
  address = {Philadelphia},
  url = {https://www.davidrumsey.com/luna/servlet/detail/RUMSEY~8~1~238921~5512155:Africa-?sort=Pub_List_No_InitialSort}
}

@misc{Heck1834,
  title = {53.Partie Septentrionale de l'Afrique.},
  author = {Heck, Johann Georg},
  date = {1834},
  publisher = {Engelmann & Compagnie, S.F.},
  address = {Paris},
  url = {https://www.davidrumsey.com/luna/servlet/detail/RUMSEY~8~1~291438~90062765:53--Partie-Septentrionale-de-l-Afri?sort=Pub_List_No_InitialSort}
}

@misc{Adams1832,
  title = {Africa.},
  author = {Adams, Daniel},
  date = {1832},
  publisher = {Lincoln & Edmands},
  address = {Boston},
  url = {https://www.davidrumsey.com/luna/servlet/detail/RUMSEY~8~1~28019~1120162:Africa-?sort=Pub_List_No_InitialSort}
}

@misc{Dower1832,
  title = {Africa.},
  author = {Dower, John and Higgins, W.M.},
  date = {1832},
  publisher = {W.S. Orr Chambers, W. & R.},
  address = {Edinburgh},
  url = {https://www.davidrumsey.com/luna/servlet/detail/RUMSEY~8~1~252135~5517691:Africa-?sort=Pub_List_No_InitialSort}
}

@misc{Arrowsmith1832,
  title = {Map of Africa},
  author = {Arrowsmith, Aaron},
  date = {1832},
  publisher = {S. & A. Arrowsmith},
  address = {London},
  url = {https://www.davidrumsey.com/luna/servlet/detail/RUMSEY~8~1~310784~90080556:Composite-Map--Map-of-Africa---Shee?sort=Pub_List_No_InitialSort}
}

@misc{Arrowsmith1832,
  title = {Map},
  author = {Arrowsmith, Aaron},
  date = {1832},
  publisher = {S. & A. Arrowsmith},
  address = {London},
  url = {https://www.davidrumsey.com/luna/servlet/detail/RUMSEY~8~1~310781~90080550:Map-of-Africa---Sheet-1-of-4?sort=Pub_List_No_InitialSort}
}

@misc{Finley1831,
  title = {Africa.},
  author = {Finley, Anthony},
  date = {1831},
  publisher = {Anthony Finley},
  address = {Philadelphia},
  url = {https://www.davidrumsey.com/luna/servlet/detail/RUMSEY~8~1~516~60058:Africa-?sort=Pub_List_No_InitialSort}
}

@misc{Lizars1831,
  title = {Africa},
  author = {Lizars, Daniel},
  date = {1831},
  publisher = {John Hamilton W. Curry, Jun. & Co. Whittaker, Treacher & Co.},
  address = {Edinburgh},
  url = {https://www.davidrumsey.com/luna/servlet/detail/RUMSEY~8~1~31330~1150583:Africa--S-sheets-?sort=Pub_List_No_InitialSort}
}

@misc{Lizars1831a,
  title = {North Africa},
  author = {Lizars, Daniel},
  date = {1831},
  publisher = {John Hamilton W. Curry, Jun. & Co. Whittaker, Treacher & Co.},
  address = {Edinburgh},
  url = {https://www.davidrumsey.com/luna/servlet/detail/RUMSEY~8~1~31340~1150584:-Africa-N-sheets-?sort=Pub_List_No_InitialSort}
}

@misc{Lapie1833,
  title = {Afrique.},
  author = {Lapie, Alexandre Emile and Lapie, M. (Pierre)},
  date = {1833},
  publisher = {Eymery Fruger et Cie},
  address = {Paris},
  url = {https://www.davidrumsey.com/luna/servlet/detail/RUMSEY~8~1~28703~1120940:Afrique-?sort=Pub_List_No_InitialSort&qvq=w4s:/where0.000000Africa0.000000when0.0000001831;sort:Pub_List_No_InitialSort;lc:RUMSEY~8~1&mi=5&trs=8}
}

@misc{Fenner1830,
  title = {Africa.},
  author = {Fenner, Rest.},
  date = {1830},
  publisher = {Robert Jennings},
  address = {London},
  url = {https://www.davidrumsey.com/luna/servlet/detail/RUMSEY~8~1~285726~90058241:Africa-?sort=Pub_List_No_InitialSort}
}

@misc{Huntington1832,
  title = {Africa},
  author = {Huntington, Francis Junius and Huntington, Hezekiah},
  date = {1832},
  publisher = {F.J. Huntington},
  address = {Hartford},
  url = {https://www.davidrumsey.com/luna/servlet/detail/RUMSEY~8~1~28638~1120516:Africa-?sort=Pub_List_No_InitialSort}
}

@misc{Andriveau1830,
  title = {Carte physique et politique de l'Afrique},
  author = {Andriveau-Goujon, J. and Brue, Adrien Hubert},
  date = {1830},
  publisher = {J. Andriveau-Goujon},
  address = {Paris},
  url = {https://www.davidrumsey.com/luna/servlet/detail/RUMSEY~8~1~279640~90052844:Carte-physique-et-politique-de-l-Af?sort=Pub_List_No_InitialSort}
}

@misc{Schlieben1830,
  title = {Africa},
  author = {Schlieben, Wilhelm Ernst August von},
  date = {1830},
  publisher = {Georg Joachim Goeschen},
  address = {Leipzig},
  url = {https://www.davidrumsey.com/luna/servlet/detail/RUMSEY~8~1~301063~90071799:Africa-?sort=Pub_List_No_InitialSort}
}

@misc{Cummings1829,
  title = {Africa},
  author = {Cummings, Jacob Abbot},
  date = {1829},
  publisher = {Collins & Hannay},
  address = {New York},
  url = {https://www.davidrumsey.com/luna/servlet/detail/RUMSEY~8~1~29362~112096:Africa-?sort=Pub_List_No_InitialSort}
}

@misc{Hall1829,
  title = {Africa},
  author = {Hall, Sidney},
  date = {1829},
  publisher = {Longman, Rees, Orme, Brown and Green},
  address = {London},
  url = {https://www.davidrumsey.com/luna/servlet/detail/RUMSEY~8~1~21815~670048:Africa-?sort=Pub_List_No_InitialSort}
}

@misc{Robinson1829,
  title = {Africa.},
  author = {Robinson, D.F. and Olney, Jesse},
  date = {1837},
  publisher = {Robinson, Pratt & Co.},
  address = {New York},
  url = {https://www.davidrumsey.com/luna/servlet/detail/RUMSEY~8~1~28831~1120619:Africa-?sort=Pub_List_No_InitialSort}
}

@misc{Stieler1833,
  title = {Afrika},
  author = {Stieler, Adolf},
  date = {1833},
  publisher = {Justus Perthes},
  address = {Gotha},
  url = {https://www.davidrumsey.com/luna/servlet/detail/RUMSEY~8~1~242533~5513081:Afrika,-1828?sort=Pub_List_No_InitialSort}
}

@misc{Woodbridge1828,
  title = {Africa},
  author = {Woodbridge, William C.},
  date = {1828},
  publisher = {Geo. B. Whittaker},
  address = {London},
  url = {https://www.davidrumsey.com/luna/servlet/detail/RUMSEY~8~1~219046~5504430:Africa?sort=Pub_List_No_InitialSort}
}

@misc{Brue1828,
  title = {Senegambie, Soudan, Guinee Septentrionale},
  author = {Brué, Adrien Hubert},
  date = {1828},
  publisher = {A. Brué},
  address = {Paris},
  url = {https://www.davidrumsey.com/luna/servlet/detail/RUMSEY~8~1~33958~1170110:Senegambie,-Soudan,-Guinee-Septentr?sort=Pub_List_No_InitialSort}
}

@misc{Brue1828a,
  title = {L'Afrique, et des îles qui en dependent},
  author = {Brue, Adrien Hubert},
  date = {1828},
  publisher = {A. Brue},
  address = {Paris},
  url = {https://www.davidrumsey.com/luna/servlet/detail/RUMSEY~8~1~33953~1170106:Afrique,-septentrionale-?sort=Pub_List_No_InitialSort}
}

@misc{Arrowsmith1828,
  title = {Africa},
  author = {Arrowsmith, Aaron Jr.},
  date = {1828},
  publisher = {A. Arrowsmith},
  address = {London},
  url = {https://www.davidrumsey.com/luna/servlet/detail/RUMSEY~8~1~251613~5517376:Africa?sort=Pub_List_No_InitialSort&qvq=w4s:/where0.000000Africa0.000000when0.0000001828;sort:Pub_List_No_InitialSort;lc:RUMSEY~8~1&mi=0&trs=11}
}

@misc{Vivien1827,
  title = {Carte Generale de l'Afrique},
  author = {Vivien de St Martin, L.},
  date = {1827},
  publisher = {Vivien de St Martin, L.},
  address = {Paris},
  url = {https://www.davidrumsey.com/luna/servlet/detail/RUMSEY~8~1~38064~1211081:Carte-Generale-de-l-Afrique-?sort=Pub_List_No_InitialSort}
}

@misc{Stein1827,
  title = {Afrika},
  author = {Stein, C.G.D.},
  date = {1827},
  publisher = {J.C. Hinrichs},
  address = {Leipzig},
  url = {https://www.davidrumsey.com/luna/servlet/detail/RUMSEY~8~1~249493~5516527:Afrika?sort=Pub_List_No_InitialSort}
}

@misc{Vandermaelen1827,
  title =  {Carte d'assemblage de l'Afrique},
  author = {Vandermaelen, Philippe},
  date = {1827},
  publisher = {Ph. Vandermaelen},
  address = {Bruxelles},
  url = {https://www.davidrumsey.com/luna/servlet/detail/RUMSEY~8~1~25177~5500038:Carte-d-assemblage-de-l-Afrique-?sort=Pub_List_No_InitialSort}
}

@misc{Finley1827,
  title = {Africa},
  author = {Finley, Anthony},
  date = {1827},
  publisher = {Anthony Finley},
  address = {Philadelphia},
  url = {https://www.davidrumsey.com/luna/servlet/detail/RUMSEY~8~1~296685~90068066:Africa?sort=Pub_List_No_InitialSort&qvq=w4s:/where0.000000Africa0.000000when0.0000001827;sort:Pub_List_No_InitialSort;lc:RUMSEY~8~1&mi=0&trs=9}
}

@misc{Tanner1826,
  title = {Africa.},
  author = {Tanner, Henry Schenck},
  date = {1826},
  publisher = {Henry Schenck Tanner},
  address = {Philadelphia},
  url = {https://www.davidrumsey.com/luna/servlet/detail/RUMSEY~8~1~287202~90059483:Africa-?sort=Pub_List_No_InitialSort}
}

@misc{Delamarche1826,
  title = {Afrique},
  author = {Delamarche, Felix},
  date = {1826},
  publisher = {F. Delamarche},
  address = {Paris},
  url = {https://www.davidrumsey.com/luna/servlet/detail/RUMSEY~8~1~250541~5517110:Afrique-Divisee-en-ses-principaux-E?sort=Pub_List_No_InitialSort}
}

@misc{Ruhle1825,
  title = {Africa.},
  author = {Ruhle von Lilienstern, August},
  date = {1825},
  publisher = {C.G. Luderitz},
  address = {Berlin},
  url = {https://www.davidrumsey.com/luna/servlet/detail/RUMSEY~8~1~227682~5507413:Africa--Berlin-1824--von-R-v-L-?sort=Pub_List_No_InitialSort}
}

@misc{Tanner1825,
  title = {Africa.},
  author = {Tanner, Henry S.},
  date = {1825},
  publisher = {Henry Tanner},
  address = {Philadelphia},
  url = {https://www.davidrumsey.com/luna/servlet/detail/RUMSEY~8~1~26018~1100421:Africa-?sort=Pub_List_No_InitialSort}
}

@misc{Arrowsmith1825,
  title = {Africa},
  author = {Arrowsmith, Aaron Jr.},
  date = {1825},
  publisher = {A. & S. Arrowsmith},
  address = {London},
  url = {https://www.davidrumsey.com/luna/servlet/detail/RUMSEY~8~1~233957~5509783:Africa?sort=Pub_List_No_InitialSort}
}

@misc{Stieler1825,
  title = {Africa},
  author = {Stieler, Adolf},
  date = {1825},
  publisher = {Palblad & Co.},
  address = {Upsala},
  url = {https://www.davidrumsey.com/luna/servlet/detail/RUMSEY~8~1~325680~90094576:XVIII--Africa?sort=Pub_List_No_InitialSort}
}

@misc{Carey1825,
  title = {Africa},
  author = {Carey, Mathew},
  date = {1825},
  publisher = {Carey & Lea},
  address = {Philadelphia},
  url = {https://www.davidrumsey.com/luna/servlet/detail/RUMSEY~8~1~28031~1120174:Africa-?sort=Pub_List_No_InitialSort}
}

@misc{Thomson1824,
  title = {Africa},
  author = {Thomson, John and Wyld, James},
  date = {1824},
  publisher = {John Thomson},
  address = {Edinburgh},
  url = {https://www.davidrumsey.com/luna/servlet/detail/RUMSEY~8~1~225838~5506501:Africa?sort=Pub_List_No_InitialSort}
}

@misc{Finley1824,
  title = {Africa.},
  author = {Finley, Anthony},
  date = {1824},
  publisher = {Anthony Finley},
  address = {Philadelphia},
  url = {https://www.davidrumsey.com/luna/servlet/detail/RUMSEY~8~1~203896~3002130:Africa-?sort=Pub_List_No_InitialSort}
}

@misc{Selves1823,
  title = {Carte de l'Afrique},
  author = {Selves, Henry Antoine Auguste}, 
  date = {1823},
  publisher = {Selves Fils},
  address = {Paris},
  url = {https://www.davidrumsey.com/luna/servlet/detail/RUMSEY~8~1~314385~90083198:Carte-de-l-Afrique?sort=Pub_List_No_InitialSort}
}

@misc{Lucas1823,
  title = {Africa.},
  author = {Lucas, Fielding Jr.},
  date = {1823},
  publisher = {Fielding Lucas Jr.},
  address = {Baltimore},
  url = {https://www.davidrumsey.com/luna/servlet/detail/RUMSEY~8~1~42~10104:Africa-?sort=Pub_List_No_InitialSort}
}

@misc{Woodbridge1821,
  title = {Africa.},
  author = {Woodbridge, William C. and Willard, Emma},
  date = {1821},
  publisher = {Oliver D. Cooke & Sons},
  address = {Hartford},
  url = {https://www.davidrumsey.com/luna/servlet/detail/RUMSEY~8~1~306056~90076142:Africa-?sort=Pub_List_No_InitialSort}
}

@misc{Carey1822,
  title = {Africa},
  author = {Carey, Henry Charles and Lea, Isaac},
  date = {1822},
  publisher = {H.C. Carey & I. Lea},
  address = {Philadelphia},
  url = {https://www.davidrumsey.com/luna/servlet/detail/RUMSEY~8~1~248786~5515806:Africa?sort=Pub_List_No_InitialSort}
}

@misc{Reichard1822,
  title = {Nord Africa},
  author = {Reichard, C. G.},
  date = {1822},
  publisher = {Friedrich Campe.},
  address = {Nurnberg},
  url = {https://www.davidrumsey.com/luna/servlet/detail/RUMSEY~8~1~33037~1170400:Nord-Africa-?sort=Pub_List_No_InitialSort}
}

@misc{Reichard1822a,
  title = {Africa},
  author = {Reichard, C. G.},
  date = {1822},
  publisher = {Friedrich Campe.},
  address = {Nurnberg},
  url = {https://www.davidrumsey.com/luna/servlet/detail/RUMSEY~8~1~33020~1170383:Africa-?sort=Pub_List_No_InitialSort}
}

@misc{Stieler1833a,
  title = {Afrika},
  author = {Stieler, Adolf},
  date = {1833},
  publisher = {Justus Perthes},
  address = {Gotha},
  url = {https://www.davidrumsey.com/luna/servlet/detail/RUMSEY~8~1~242531~5513080:Afrika,-1820?sort=Pub_List_No_InitialSort}
}

@misc{Melish1820,
  title = {Africa.},
  author = {Melish, John},
  date = {1820},
  publisher = {John Melish},
  address = {Philadelphia},
  url = {https://www.davidrumsey.com/luna/servlet/detail/RUMSEY~8~1~1086~100088:Africa-?sort=Pub_List_No_InitialSort}
}

@misc{Carey1820,
  title = {Africa},
  author = {Carey, Mathew},
  date = {1820},
  publisher = {M. Carey & Son},
  address = {Philadelphia},
  url = {https://www.davidrumsey.com/luna/servlet/detail/RUMSEY~8~1~28905~112028:Africa-?sort=Pub_List_No_InitialSort}
}

@misc{Rees1820,
  title = {Africa},
  author = {Rees, Abraham and Harrison},
  date = {1820},
  publisher = {Bradford, Murray & Fairman},
  address = {Philadelphia},
  url = {https://www.davidrumsey.com/luna/servlet/detail/RUMSEY~8~1~321346~90090258:Africa?sort=Pub_List_No_InitialSort}
}

@misc{Faden1819,
  title = {Barbary},
  author = {Faden, William},
  date = {1819},
  publisher = {Wm. Faden},
  address = {London},
  url = {https://www.davidrumsey.com/luna/servlet/detail/RUMSEY~8~1~318373~90087225:Barbary-including-Marocco,-Algier,-?sort=Pub_List_No_InitialSort}
}

@misc{Adams1819,
  title = {Africa.},
  author = {Adams, Daniel},
  date = {1819},
  publisher = {Lincoln & Edmands},
  address = {Boston},
  url = {https://www.davidrumsey.com/luna/servlet/detail/RUMSEY~8~1~28009~1120152:Africa-?sort=Pub_List_No_InitialSort}
}

@misc{Carey1818,
  title = {Africa.},
  author = {Carey, Mathew},
  date = {1818},
  publisher = {M. Carey and Son},
  address = {Philadelphia},
  url = {https://www.davidrumsey.com/luna/servlet/detail/RUMSEY~8~1~207434~3003044:Africa-?sort=Pub_List_No_InitialSort&qvq=w4s:/where0.000000Africa0.000000when0.0000001818;sort:Pub_List_No_InitialSort;lc:RUMSEY~8~1&mi=0&trs=1}
}

@misc{Kirkwood1817,
  title = {Africa.},
  author = {Kirkwood, Robert},
  date = {1817},
  publisher = {Robert Kirkwood John Smith & Son},
  address = {Glasgow},
  url = {https://www.davidrumsey.com/luna/servlet/detail/RUMSEY~8~1~241350~5512569:Africa-?sort=Pub_List_No_InitialSort}
}

@misc{Thomson1817,
  title = {Africa.},
  author = {Thomson, John},
  date = {1817},
  publisher = {Baldwin, Cradock, and Joy},
  address = {London},
  url = {https://www.davidrumsey.com/luna/servlet/detail/RUMSEY~8~1~28371~1120800:Africa-?sort=Pub_List_No_InitialSort}
}

@misc{Carey1816,
  title = {Africa},
  author = {Carey, Mathew and Warner, Benjamin},
  date = {1816},
  publisher = {M. Carey and B. Warner},
  address = {Philadelphia},
  url = {https://www.davidrumsey.com/luna/servlet/detail/RUMSEY~8~1~218707~5504275:Africa?sort=Pub_List_No_InitialSort}
}

@misc{Lapie1816,
  title = {Afrique},
  author = {Lapie, M. Pierre},
  date = {1816},
  publisher = {Magimel, Anselin, et Pochard},
  address = {Paris},
  url = {https://www.davidrumsey.com/luna/servlet/detail/RUMSEY~8~1~307070~90076867:Afrique?sort=Pub_List_No_InitialSort}
}

@misc{Brue1816,
  title = {L'Afrique},
  author = {Brue, Adrien Hubert},
  date = {1816},
  publisher = {Desray, Libraire-Editeur},
  address = {Paris},
  url = {https://www.davidrumsey.com/luna/servlet/detail/RUMSEY~8~1~25572~1040008:Composite--L-Afrique-?sort=Pub_List_No_InitialSort}
}

@misc{carey_africa_1814,
	address = {Philadelphia},
	title = {Africa. - {David} {Rumsey} {Historical} {Map} {Collection}},
	url = {https://www.davidrumsey.com/luna/servlet/detail/RUMSEY~8~1~665~50104:Africa-?sort=pub_list_no_initialsort%2Cpub_date%2Cpub_list_no%2Cseries_no&qvq=w4s:/when%2F1814;q:world_area%3DAfrica%20AND%20date%3D1790...1920%20;sort:pub_list_no_initialsort%2Cpub_date%2Cpub_list_no%2Cseries_no;lc:RUMSEY~8~1&mi=9&trs=16},
	urldate = {2020-08-31},
	publisher = {Mathew Carey},
	author = {Carey, Mathew},
	year = {1814},
}

@misc{pinkerton_africa_1815,
	address = {London},
	title = {Africa. - {David} {Rumsey} {Historical} {Map} {Collection}},
	url = {https://www.davidrumsey.com/luna/servlet/detail/RUMSEY~8~1~3832~370024:Africa-?sort=pub_list_no_initialsort%2Cpub_date%2Cpub_list_no%2Cseries_no&qvq=w4s:/when%2F1814;q:world_area%3DAfrica%20AND%20date%3D1790...1920%20;sort:pub_list_no_initialsort%2Cpub_date%2Cpub_list_no%2Cseries_no;lc:RUMSEY~8~1&mi=5&trs=16},
	urldate = {2020-08-27},
	publisher = {Longman, Hurst, Rees, Orme, and Brown},
	author = {Pinkerton, John},
	year = {1815},
}

@misc{menzies_africa_1817,
	address = {London},
	title = {Africa. - {David} {Rumsey} {Historical} {Map} {Collection}},
	url = {https://www.davidrumsey.com/luna/servlet/detail/RUMSEY~8~1~28372~1120801:Africa-?sort=pub_list_no_initialsort%2Cpub_date%2Cpub_list_no%2Cseries_no&qvq=w4s:/when%2F1813;q:world_area%3DAfrica%20AND%20date%3D1790...1920%20;sort:pub_list_no_initialsort%2Cpub_date%2Cpub_list_no%2Cseries_no;lc:RUMSEY~8~1&mi=1&trs=3},
	urldate = {2020-08-07},
	publisher = {Baldwin, Cradock, and Joy},
	author = {Menzies, J. and Menzies, G. and Thomson, John},
	year = {1817},
}

@misc{malte-brun_afrique_1812,
	address = {Paris},
	title = {Afrique {Meridionale}. - {David} {Rumsey} {Historical} {Map} {Collection}},
	url = {https://www.davidrumsey.com/luna/servlet/detail/RUMSEY~8~1~267825~90041945:Afrique-Meridionale-?sort=pub_list_no_initialsort%2Cpub_date%2Cpub_list_no%2Cseries_no&qvq=w4s:/when%2F1812;q:world_area%3DAfrica%20AND%20date%3D1790...1920%20;sort:pub_list_no_initialsort%2Cpub_date%2Cpub_list_no%2Cseries_no;lc:RUMSEY~8~1&mi=6&trs=7},
	urldate = {2020-08-07},
	publisher = {Francois Buisson},
	author = {Malte-Brun, Conrad and Lapie, Pierre},
	year = {1812},
}

@misc{malte-brun_afrique_1812-1,
	address = {Paris},
	title = {Afrique {Septentrionale}. - {David} {Rumsey} {Historical} {Map} {Collection}},
	url = {https://www.davidrumsey.com/luna/servlet/detail/RUMSEY~8~1~267824~90041944:Afrique-Septentrionale-?sort=pub_list_no_initialsort%2Cpub_date%2Cpub_list_no%2Cseries_no&qvq=w4s:/when%2F1812;q:world_area%3DAfrica%20AND%20date%3D1790...1920%20;sort:pub_list_no_initialsort%2Cpub_date%2Cpub_list_no%2Cseries_no;lc:RUMSEY~8~1&mi=5&trs=7},
	urldate = {2020-08-07},
	publisher = {Francois Buisson},
	author = {Malte-Brun, Conrad and Lapie, Pierre},
	year = {1812},
}

@misc{malte-brun_afrique_1812-2,
	address = {Paris},
	title = {Afrique. - {David} {Rumsey} {Historical} {Map} {Collection}},
	url = {https://www.davidrumsey.com/luna/servlet/detail/RUMSEY~8~1~267823~90041943:Afrique-?sort=pub_list_no_initialsort%2Cpub_date%2Cpub_list_no%2Cseries_no&qvq=w4s:/when%2F1812;q:world_area%3DAfrica%20AND%20date%3D1790...1920%20;sort:pub_list_no_initialsort%2Cpub_date%2Cpub_list_no%2Cseries_no;lc:RUMSEY~8~1&mi=4&trs=7},
	urldate = {2020-08-04},
	publisher = {Francois Buisson},
	author = {Malte-Brun, Conrad and Lapie, Pierre},
	year = {1812},
}

@misc{arrowsmith_africa_1804,
	address = {Philadelphia},
	title = {Africa. - {David} {Rumsey} {Historical} {Map} {Collection}},
	url = {https://www.davidrumsey.com/luna/servlet/detail/RUMSEY~8~1~31660~1150136:Africa-?sort=pub_list_no_initialsort%2Cpub_date%2Cpub_list_no%2Cseries_no&qvq=w4s:/when%2F1804;q:world_area%3DAfrica%20AND%20date%3D1790...1920%20;sort:pub_list_no_initialsort%2Cpub_date%2Cpub_list_no%2Cseries_no;lc:RUMSEY~8~1&mi=6&trs=10},
	urldate = {2020-08-04},
	publisher = {J. Conrad},
	author = {Arrowsmith, Aaron and Lewis, Samuel},
	year = {1804},
}

@misc{carey_africa_1811,
	address = {Philadelphia},
	title = {Africa. - {David} {Rumsey} {Historical} {Map} {Collection}},
	url = {https://www.davidrumsey.com/luna/servlet/detail/RUMSEY~8~1~24384~890073:Africa-?sort=pub_list_no_initialsort%2Cpub_date%2Cpub_list_no%2Cseries_no&qvq=w4s:/when%2F1811;q:world_area%3DAfrica%20AND%20date%3D1790...1920%20;sort:pub_list_no_initialsort%2Cpub_date%2Cpub_list_no%2Cseries_no;lc:RUMSEY~8~1&mi=3&trs=4},
	urldate = {2020-07-17},
	publisher = {M. Carey},
	author = {Carey, Mathew},
	year = {1811},
}

@misc{oddy_africa_1811,
	address = {London},
	title = {Africa. - {David} {Rumsey} {Historical} {Map} {Collection}},
	url = {https://www.davidrumsey.com/luna/servlet/detail/RUMSEY~8~1~240114~5512221:Africa-?sort=pub_list_no_initialsort%2Cpub_date%2Cpub_list_no%2Cseries_no&qvq=w4s:/when%2F1811;q:world_area%3DAfrica%20AND%20date%3D1790...1920%20;sort:pub_list_no_initialsort%2Cpub_date%2Cpub_list_no%2Cseries_no;lc:RUMSEY~8~1&mi=1&trs=4},
	urldate = {2020-07-17},
	publisher = {S.A. Oddy},
	author = {Oddy, S.A. and Wallis, James},
	year = {1811},
}

@misc{darton_africa_1813,
	address = {London},
	title = {Africa. - {David} {Rumsey} {Historical} {Map} {Collection}},
	url = {https://www.davidrumsey.com/luna/servlet/detail/RUMSEY~8~1~34182~1171095:Africa-?sort=pub_list_no_initialsort%2Cpub_date%2Cpub_list_no%2Cseries_no&qvq=w4s:/when%2F1811;q:world_area%3DAfrica%20AND%20date%3D1790...1920%20;sort:pub_list_no_initialsort%2Cpub_date%2Cpub_list_no%2Cseries_no;lc:RUMSEY~8~1&mi=2&trs=4},
	urldate = {2020-07-02},
	publisher = {William Darton},
	author = {Darton, William},
	year = {1813},
}

@misc{smith_africa_1808,
	address = {London},
	title = {Africa. - {David} {Rumsey} {Historical} {Map} {Collection}},
	url = {https://www.davidrumsey.com/luna/servlet/detail/RUMSEY~8~1~241314~5512555:Africa-?sort=pub_list_no_initialsort%2Cpub_date%2Cpub_list_no%2Cseries_no&qvq=w4s:/when%2F1808;q:world_area%3DAfrica%20AND%20date%3D1790...1920%20;sort:pub_list_no_initialsort%2Cpub_date%2Cpub_list_no%2Cseries_no;lc:RUMSEY~8~1&mi=0&trs=3},
	urldate = {2020-07-01},
	publisher = {C. Smith},
	author = {Smith, Charles},
	year = {1808},
}

@misc{cary_africa_1808,
	address = {London},
	title = {Africa. - {David} {Rumsey} {Historical} {Map} {Collection}},
	url = {https://www.davidrumsey.com/luna/servlet/detail/RUMSEY~8~1~21543~640035:Africa-?sort=pub_list_no_initialsort%2Cpub_date%2Cpub_list_no%2Cseries_no&qvq=w4s:/when%2F1805;q:world_area%3DAfrica%20AND%20date%3D1790...1920%20;sort:pub_list_no_initialsort%2Cpub_date%2Cpub_list_no%2Cseries_no;lc:RUMSEY~8~1&mi=1&trs=2},
	urldate = {2020-07-01},
	publisher = {John Cary},
	author = {Cary, John},
	year = {1808},
}

@misc{patteson_africa_1804,
	address = {Surrey},
	title = {Africa. - {David} {Rumsey} {Historical} {Map} {Collection}},
	url = {https://www.davidrumsey.com/luna/servlet/detail/RUMSEY~8~1~28767~1120572:Africa-?sort=pub_list_no_initialsort%2Cpub_date%2Cpub_list_no%2Cseries_no&qvq=w4s:/when%2F1804;q:world_area%3DAfrica%20AND%20date%3D1790...1920%20;sort:pub_list_no_initialsort%2Cpub_date%2Cpub_list_no%2Cseries_no;lc:RUMSEY~8~1&mi=5&trs=10},
	urldate = {2020-07-01},
	publisher = {Patteson},
	author = {Patteson, Edward},
	year = {1804},
}

@misc{delarochette_africa_1811,
	address = {London},
	title = {Africa. - {David} {Rumsey} {Historical} {Map} {Collection}},
	url = {https://www.davidrumsey.com/luna/servlet/detail/RUMSEY~8~1~24853~970007:Africa-?sort=pub_list_no_initialsort%2Cpub_date%2Cpub_list_no%2Cseries_no&qvq=w4s:/when%2F1803;q:world_area%3DAfrica%20AND%20date%3D1790...1920%20;sort:pub_list_no_initialsort%2Cpub_date%2Cpub_list_no%2Cseries_no;lc:RUMSEY~8~1&mi=0&trs=3},
	urldate = {2020-06-29},
	publisher = {William Faden},
	author = {Delarochette, Louis Stanislas d'Arcy and Faden, William},
	year = {1811},
}

@misc{Schonberg1865,
	address = {New York},
	title = {Africa. {Australia} and {New} {Zealand}.},
	url = {https://www.davidrumsey.com/luna/servlet/detail/RUMSEY~8~1~210822~5003758:Africa--Australia-and-New-Zealand-?sort=Pub_List_No_InitialSort},
	urldate = {2020-06-12},
	publisher = {Schonberg \& Co.},
	author = {Schonberg \& Co.},
	year = {1865},
}

@misc{ravenstein_afrique_1865,
	address = {Frankfurt am Main},
	title = {Afrique},
	url = {https://www.davidrumsey.com/luna/servlet/detail/RUMSEY~8~1~269393~90043418:Afrique?sort=Pub_List_No_InitialSort},
	urldate = {2020-06-11},
	publisher = {B. Dundorf},
	author = {Ravenstein, August and Dondorf, B.},
	year = {1865},
}

@misc{dufour_afrique_1865,
	address = {Paris},
	title = {Afrique},
	url = {https://www.davidrumsey.com/luna/servlet/detail/RUMSEY~8~1~265741~90040667:Afrique--Pl--35?sort=Pub_List_No_InitialSort},
	urldate = {2020-06-10},
	publisher = {Armand Le Chevalier},
	author = {Dufour, Auguste-Henri and Dyonnet, Charles},
	year = {1865},
	note = {Depicts 1864},
}

@misc{brockhaus_afrika_1863,
	address = {Leipzig},
	title = {Afrika.},
	url = {https://www.davidrumsey.com/luna/servlet/detail/RUMSEY~8~1~237015~5511005:Afrika-?sort=Pub_List_No_InitialSort},
	urldate = {2020-06-09},
	publisher = {F.A. Brockhaus},
	author = {Brockhaus, F.A. and Leeder, Ehrenfried and Leutemann, Heinrich},
	year = {1863},
}

@misc{tardieu_afrique_1863,
	address = {Paris},
	title = {Afrique.},
	url = {https://www.davidrumsey.com/luna/servlet/detail/RUMSEY~8~1~253242~5518804:Afrique-?sort=Pub_List_No_InitialSort},
	urldate = {2020-06-09},
	publisher = {Furne Et Cie},
	author = {Tardieu, Ambroise and Vuillemin, A. and Duvotenay and Erhard and Testarode, E.},
	year = {1863},
}

@misc{garnier_afrique_1862,
	address = {Paris},
	title = {Afrique},
	url = {https://www.davidrumsey.com/luna/servlet/detail/RUMSEY~8~1~22042~710003:Afrique-?sort=Pub_List_No_InitialSort},
	urldate = {2020-06-08},
	publisher = {Veuve Jules Renouard, Librarie},
	author = {Garnier, F. A.},
	year = {1862},
}

@misc{garnier_afrique_1862-1,
	address = {Paris},
	title = {Afrique {Septentrionale}, {Malte}, {Acores}, {Madere}, {Canaries}},
	url = {https://www.davidrumsey.com/luna/servlet/detail/RUMSEY~8~1~22043~710004:Afrique-Septentrionale,-Malte,-Acor?sort=Pub_List_No_InitialSort},
	urldate = {2020-06-05},
	publisher = {Veuve Jules Renouard, Librarie},
	author = {Garnier, F. A.},
	year = {1862},
}

@misc{garnier_afrique_1862-2,
	address = {Paris},
	title = {Afrique occidentale et centrale},
	url = {https://www.davidrumsey.com/luna/servlet/detail/RUMSEY~8~1~22045~710006:Afrique-occidentale-et-centrale-?sort=Pub_List_No_InitialSort},
	urldate = {2020-06-05},
	publisher = {Veuve Jules Renouard, Librarie},
	author = {Garnier, F. A.},
	year = {1862},
}

@misc{garnier_afrique_1862-3,
	address = {Paris},
	title = {Afrique {Orientale}},
	url = {https://www.davidrumsey.com/luna/servlet/detail/RUMSEY~8~1~22047~710008:Afrique-Orientale-?sort=Pub_List_No_InitialSort},
	urldate = {2020-06-04},
	publisher = {Veuve Jules Renouard, Librarie},
	author = {Garnier, F. A.},
	year = {1862},
}

@misc{black_africa_1854,
	address = {Edinburgh},
	title = {Africa. - {David} {Rumsey} {Historical} {Map} {Collection}},
	url = {https://www.davidrumsey.com/luna/servlet/detail/RUMSEY~8~1~37591~1210576:Africa-?sort=Pub_List_No_InitialSort},
	urldate = {2020-05-26},
	publisher = {Adam \& Charles Black},
	author = {Black, Adam and Black, Charles and Hall, Sidney and Hughes, William},
	year = {1854},
}

@misc{stein_afrika_1854,
	address = {Leipzig},
	title = {Afrika},
	url = {https://www.davidrumsey.com/luna/servlet/detail/RUMSEY~8~1~280096~90053367:Afrika--Entworfen-von-G--Heck?sort=Pub_List_No_InitialSort},
	urldate = {2020-05-18},
	publisher = {J.C. Hinrichs'sche Buch- und Landkartenhandlung},
	author = {Stein, Christ. Gottfr. Dan. and Wagner, Karl Theodor},
	year = {1854},
}

@misc{meyer_afrika_1872,
	address = {Hildburghausen},
	title = {Afrika - {David} {Rumsey} {Historical} {Map} {Collection}},
	url = {https://www.davidrumsey.com/luna/servlet/detail/RUMSEY~8~1~319778~90088686:Afrika?sort=pub_list_no_initialsort%2Cpub_date%2Cpub_list_no%2Cseries_no&qvq=w4s:/when%2F1872;q:world_area%3DAfrica%20AND%20date%3D1790...1920%20;sort:pub_list_no_initialsort%2Cpub_date%2Cpub_list_no%2Cseries_no;lc:RUMSEY~8~1&mi=0&trs=7},
	urldate = {2020-03-19},
	publisher = {Bibliographischen Instituts},
	author = {Meyer, Herrmann Julius and Ravenstein, Ludwig},
	year = {1872},
}

@misc{sohr_afrika_1847,
	address = {Leipzig},
	title = {Afrika},
	url = {https://www.davidrumsey.com/luna/servlet/detail/RUMSEY~8~1~297826~90069292:Afrika-?sort=pub_list_no_initialsort%2Cpub_date%2Cpub_list_no%2Cseries_no},
	urldate = {2020-03-03},
	publisher = {C. Flemming},
	author = {Sohr, Karl and Flemming, Carl},
	year = {1847},
}

@misc{rand_mcnally_and_company_africa_1912,
	address = {Chicago},
	title = {Africa. - {David} {Rumsey} {Historical} {Map} {Collection}},
	url = {https://www.davidrumsey.com/luna/servlet/detail/RUMSEY~8~1~308631~90078217:Africa-?sort=pub_list_no_initialsort%2Cpub_date%2Cpub_list_no%2Cseries_no&qvq=w4s:/when%2F1912;q:world_area%3DAfrica%20AND%20date%3D1790...1920%20;sort:pub_list_no_initialsort%2Cpub_date%2Cpub_list_no%2Cseries_no;lc:RUMSEY~8~1&mi=3&trs=4},
	urldate = {2020-02-28},
	publisher = {Rand McNally and Company},
	author = {{Rand McNally and Company}},
	year = {1912},
}

@misc{johnston_africa_1912,
	address = {Edinburgh},
	title = {Africa. - {David} {Rumsey} {Historical} {Map} {Collection}},
	url = {https://www.davidrumsey.com/luna/servlet/detail/RUMSEY~8~1~37125~1210666:Africa-?sort=pub_list_no_initialsort%2Cpub_date%2Cpub_list_no%2Cseries_no&qvq=w4s:/when%2F1911;q:world_area%3DAfrica%20AND%20date%3D1790...1920%20;sort:pub_list_no_initialsort%2Cpub_date%2Cpub_list_no%2Cseries_no;lc:RUMSEY~8~1&mi=9&trs=11},
	urldate = {2020-02-28},
	publisher = {W.\& A.K. Johnston},
	author = {Johnston, W. \& A.K.},
	year = {1912},
}

@misc{w__ak_johnston_limited_africa_1906,
	address = {Edinburgh; London},
	title = {Africa. {Africa} ({Physical}). - {David} {Rumsey} {Historical} {Map} {Collection}},
	url = {https://www.davidrumsey.com/luna/servlet/detail/RUMSEY~8~1~238147~5511387:Africa--Africa--Physical--?sort=pub_list_no_initialsort%2Cpub_date%2Cpub_list_no%2Cseries_no&qvq=w4s:/when%2F1906;q:world_area%3DAfrica%20AND%20date%3D1790...1920%20;sort:pub_list_no_initialsort%2Cpub_date%2Cpub_list_no%2Cseries_no;lc:RUMSEY~8~1&mi=10&trs=15},
	urldate = {2020-02-28},
	publisher = {W. \& A.K. Johnston Limited},
	author = {{W. \& A.K. Johnston Limited}},
	year = {1906},
}

@misc{andree_afrika_1906,
	address = {Bielefeld, Leipzig},
	title = {Afrika. {Politische} {Ubersicht} - {David} {Rumsey} {Historical} {Map} {Collection}},
	url = {https://www.davidrumsey.com/luna/servlet/detail/RUMSEY~8~1~239419~5511783:Afrika--Politische-Ubersicht?sort=pub_list_no_initialsort%2Cpub_date%2Cpub_list_no%2Cseries_no&qvq=w4s:/when%2F1905;q:world_area%3DAfrica%20AND%20date%3D1790...1920%20;sort:pub_list_no_initialsort%2Cpub_date%2Cpub_list_no%2Cseries_no;lc:RUMSEY~8~1&mi=3&trs=12},
	urldate = {2020-02-28},
	publisher = {Velhagen \& Klasing},
	author = {Andree, Richard and Scobel, Albert},
	year = {1906},
}

@misc{stanford_africa_1904,
	address = {London},
	title = {Africa. - {David} {Rumsey} {Historical} {Map} {Collection}},
	url = {https://www.davidrumsey.com/luna/servlet/detail/RUMSEY~8~1~314720~90083560:Africa-?sort=pub_list_no_initialsort%2Cpub_date%2Cpub_list_no%2Cseries_no&qvq=w4s:/when%2F1904;q:world_area%3DAfrica%20AND%20date%3D1790...1920%20;sort:pub_list_no_initialsort%2Cpub_date%2Cpub_list_no%2Cseries_no;lc:RUMSEY~8~1&mi=0&trs=1},
	urldate = {2020-02-27},
	publisher = {Edward Stanford},
	author = {Stanford, Edward},
	year = {1904},
}

@misc{stanford_africa_1901,
	address = {London},
	title = {Africa. - {David} {Rumsey} {Historical} {Map} {Collection}},
	url = {https://www.davidrumsey.com/luna/servlet/detail/RUMSEY~8~1~34300~1171215:Africa-?sort=pub_list_no_initialsort%2Cpub_date%2Cpub_list_no%2Cseries_no&qvq=w4s:/when%2F1901;q:world_area%3DAfrica%20AND%20date%3D1790...1920%20;sort:pub_list_no_initialsort%2Cpub_date%2Cpub_list_no%2Cseries_no;lc:RUMSEY~8~1&mi=2&trs=4},
	urldate = {2020-02-27},
	publisher = {Edward Stanford},
	author = {Stanford, Edward and {Edward Stanford Ltd.}},
	year = {1901},
}

@misc{rand_mcnally_and_company_africa_1903,
	address = {Chicago},
	title = {Africa. - {David} {Rumsey} {Historical} {Map} {Collection}},
	url = {https://www.davidrumsey.com/luna/servlet/detail/RUMSEY~8~1~37944~1210792:Africa-?sort=pub_list_no_initialsort%2Cpub_date%2Cpub_list_no%2Cseries_no&qvq=w4s:/when%2F1903;q:world_area%3DAfrica%20AND%20date%3D1790...1920%20;sort:pub_list_no_initialsort%2Cpub_date%2Cpub_list_no%2Cseries_no;lc:RUMSEY~8~1&mi=1&trs=2},
	urldate = {2020-02-27},
	publisher = {Rand McNally and Company},
	author = {{Rand McNally and Company}},
	year = {1903},
}

@misc{cram_africa_1901,
	address = {Chicago},
	title = {Africa. - {David} {Rumsey} {Historical} {Map} {Collection}},
	url = {https://www.davidrumsey.com/luna/servlet/detail/RUMSEY~8~1~213451~5501019:Africa-?sort=pub_list_no_initialsort%2Cpub_date%2Cpub_list_no%2Cseries_no&qvq=w4s:/when%2F1901;q:world_area%3DAfrica%20AND%20date%3D1790...1920%20;sort:pub_list_no_initialsort%2Cpub_date%2Cpub_list_no%2Cseries_no;lc:RUMSEY~8~1&mi=1&trs=4},
	urldate = {2020-02-27},
	publisher = {George F. Cram},
	author = {Cram, George Franklin},
	year = {1901},
}

@misc{stein_afrika_1848,
	address = {Leipzig},
	title = {Afrika nach den neuesten quellen entworfen und gezeichnet von {A}.{H}. {Kohler}},
	url = {https://www.davidrumsey.com/luna/servlet/detail/RUMSEY~8~1~274205~90047970:Afrika-nach-den-neuesten-quellen-en?sort=pub_list_no_initialsort%2Cpub_date%2Cpub_list_no%2Cseries_no},
	urldate = {2020-02-27},
	publisher = {J.C. Hinrichs'sche Buch- und Landkartenhandlung},
	author = {Stein, Christ. Gottfr. Dan.},
	year = {1848},
	note = {Depicts 1847},
}

@misc{handtke_afrika_1846,
	address = {Leipzig},
	title = {Afrika},
	url = {https://www.davidrumsey.com/luna/servlet/detail/RUMSEY~8~1~304171~90074740:Afrika-?sort=pub_list_no_initialsort%2Cpub_date%2Cpub_list_no%2Cseries_no},
	urldate = {2020-02-26},
	publisher = {Carl Flemming},
	author = {Handtke, F. and Flemming, Carl and Sohr, Karl},
	year = {1846},
}

@misc{diercke_afrika_1896,
	address = {Braunschweig},
	title = {Afrika, {Staatenkarte} - {David} {Rumsey} {Historical} {Map} {Collection}},
	url = {https://www.davidrumsey.com/luna/servlet/detail/RUMSEY~8~1~281207~90054003:Afrika,-Staatenkarte?sort=pub_list_no_initialsort%2Cpub_date%2Cpub_list_no%2Cseries_no&qvq=w4s:/when%2F1896;q:world_area%3DAfrica%20AND%20date%3D1790...1920%20;sort:pub_list_no_initialsort%2Cpub_date%2Cpub_list_no%2Cseries_no;lc:RUMSEY~8~1&mi=3&trs=6},
	urldate = {2020-02-25},
	publisher = {George Westermann},
	author = {Diercke, Carl and Gaebler, Eduard},
	year = {1896},
}

@misc{andree_africa_1895,
	address = {London},
	title = {Africa. - {David} {Rumsey} {Historical} {Map} {Collection}},
	url = {https://www.davidrumsey.com/luna/servlet/detail/RUMSEY~8~1~30736~1150669:Africa-?sort=pub_list_no_initialsort%2Cpub_date%2Cpub_list_no%2Cseries_no&qvq=w4s:/when%2F1895;q:world_area%3DAfrica%20AND%20date%3D1790...1920%20;sort:pub_list_no_initialsort%2Cpub_date%2Cpub_list_no%2Cseries_no;lc:RUMSEY~8~1&mi=0&trs=7},
	urldate = {2020-02-25},
	publisher = {The Times},
	author = {Andree, Richard and {Times (London, England)}},
	year = {1895},
}

@misc{rand_mcnally__co_africa_1894,
	address = {Chicago},
	title = {Africa. - {David} {Rumsey} {Historical} {Map} {Collection}},
	url = {https://www.davidrumsey.com/luna/servlet/detail/RUMSEY~8~1~302568~90073130:Africa-?sort=pub_list_no_initialsort%2Cpub_date%2Cpub_list_no%2Cseries_no&qvq=w4s:/when%2F1894;q:world_area%3DAfrica%20AND%20date%3D1790...1920%20;sort:pub_list_no_initialsort%2Cpub_date%2Cpub_list_no%2Cseries_no;lc:RUMSEY~8~1&mi=2&trs=3},
	urldate = {2020-02-24},
	publisher = {Rand, McNally \& Co.'s},
	author = {{Rand, McNally \& Co.}},
	year = {1894},
}

@misc{johnston_africa_1893,
	address = {Edinburgh},
	title = {Africa. - {David} {Rumsey} {Historical} {Map} {Collection}},
	url = {https://www.davidrumsey.com/luna/servlet/detail/RUMSEY~8~1~37986~1210999:Africa-?sort=pub_list_no_initialsort%2Cpub_date%2Cpub_list_no%2Cseries_no&qvq=w4s:/when%2F1893;q:world_area%3DAfrica%20AND%20date%3D1790...1920%20;sort:pub_list_no_initialsort%2Cpub_date%2Cpub_list_no%2Cseries_no;lc:RUMSEY~8~1&mi=1&trs=4},
	urldate = {2020-02-24},
	publisher = {W.\& A.K. Johnston},
	author = {Johnston, Alexander Keith},
	year = {1893},
}

@misc{stieler_afrika_1892,
	address = {Gotha},
	title = {Afrika. - {David} {Rumsey} {Historical} {Map} {Collection}},
	url = {https://www.davidrumsey.com/luna/servlet/detail/RUMSEY~8~1~314617~90083226:Afrika-?sort=pub_list_no_initialsort%2Cpub_date%2Cpub_list_no%2Cseries_no&qvq=w4s:/when%2F1892;q:world_area%3DAfrica%20AND%20date%3D1790...1920%20;sort:pub_list_no_initialsort%2Cpub_date%2Cpub_list_no%2Cseries_no;lc:RUMSEY~8~1&mi=8&trs=18},
	urldate = {2020-02-21},
	publisher = {Justus Perthus},
	author = {Stieler, Adolf and Habenicht, H.},
	year = {1892},
}

@misc{desbuissons_afrique_1892,
	address = {Paris},
	title = {Afrique {Politique}. - {David} {Rumsey} {Historical} {Map} {Collection}},
	url = {https://www.davidrumsey.com/luna/servlet/detail/RUMSEY~8~1~36097~1200249:Afrique-Politique-?sort=pub_list_no_initialsort%2Cpub_date%2Cpub_list_no%2Cseries_no&qvq=w4s:/when%2F1892;q:world_area%3DAfrica%20AND%20date%3D1790...1920%20;sort:pub_list_no_initialsort%2Cpub_date%2Cpub_list_no%2Cseries_no;lc:RUMSEY~8~1&mi=3&trs=18},
	urldate = {2020-02-21},
	publisher = {Direction \& Administration.},
	author = {Desbuissons, L.E. and Migeon, J.},
	year = {1892},
}

@misc{appleton_africa_1892,
	address = {New York},
	title = {Africa. 7 - {David} {Rumsey} {Historical} {Map} {Collection}},
	url = {https://www.davidrumsey.com/luna/servlet/detail/RUMSEY~8~1~260812~5523023:Africa--7?sort=pub_list_no_initialsort%2Cpub_date%2Cpub_list_no%2Cseries_no&qvq=w4s:/when%2F1892;q:world_area%3DAfrica%20AND%20date%3D1790...1920%20;sort:pub_list_no_initialsort%2Cpub_date%2Cpub_list_no%2Cseries_no;lc:RUMSEY~8~1&mi=1&trs=18},
	urldate = {2020-02-21},
	publisher = {D. Appleton \& Co.},
	author = {Appleton, D. \& Co.},
	year = {1892},
}

@misc{mitchell_africa_1890,
	address = {Philadelphia},
	title = {Africa. - {David} {Rumsey} {Historical} {Map} {Collection}},
	url = {https://www.davidrumsey.com/luna/servlet/detail/RUMSEY~8~1~29720~1140144:Africa-?sort=pub_list_no_initialsort%2Cpub_date%2Cpub_list_no%2Cseries_no&qvq=w4s:/when%2F1890;q:world_area%3DAfrica%20AND%20date%3D1790...1920%20;sort:pub_list_no_initialsort%2Cpub_date%2Cpub_list_no%2Cseries_no;lc:RUMSEY~8~1&mi=0&trs=1},
	urldate = {2020-02-21},
	publisher = {John Y. Huber \& Co.},
	author = {Mitchell, Samuel Augustus},
	year = {1890},
}

@misc{cram_africa_1889,
	address = {Chicago},
	title = {Africa. - {David} {Rumsey} {Historical} {Map} {Collection}},
	url = {https://www.davidrumsey.com/luna/servlet/detail/RUMSEY~8~1~213163~5500873:Africa-?sort=pub_list_no_initialsort%2Cpub_date%2Cpub_list_no%2Cseries_no&qvq=w4s:/when%2F1889;q:world_area%3DAfrica%20AND%20date%3D1790...1920%20;sort:pub_list_no_initialsort%2Cpub_date%2Cpub_list_no%2Cseries_no;lc:RUMSEY~8~1&mi=1&trs=2},
	urldate = {2020-02-21},
	publisher = {George F. Cram},
	author = {Cram, George Franklin},
	year = {1889},
}

@misc{rand_mcnally_and_company_africa_1889,
	address = {Chicago},
	title = {Africa. - {David} {Rumsey} {Historical} {Map} {Collection}},
	url = {https://www.davidrumsey.com/luna/servlet/detail/RUMSEY~8~1~37467~1210341:Africa-?sort=pub_list_no_initialsort%2Cpub_date%2Cpub_list_no%2Cseries_no&qvq=w4s:/when%2F1889;q:world_area%3DAfrica%20AND%20date%3D1790...1920%20;sort:pub_list_no_initialsort%2Cpub_date%2Cpub_list_no%2Cseries_no;lc:RUMSEY~8~1&mi=0&trs=2},
	urldate = {2020-02-21},
	publisher = {Rand McNally},
	author = {{Rand McNally and Company}},
	year = {1889},
}

@misc{geographisches_institut_weimar_germany_africa_1886,
	address = {Weimar},
	title = {Africa. - {David} {Rumsey} {Historical} {Map} {Collection}},
	url = {https://www.davidrumsey.com/luna/servlet/detail/RUMSEY~8~1~277069~90050075:Africa-?sort=pub_list_no_initialsort%2Cpub_date%2Cpub_list_no%2Cseries_no&qvq=w4s:/when%2F1886;q:world_area%3DAfrica%20AND%20date%3D1790...1920%20;sort:pub_list_no_initialsort%2Cpub_date%2Cpub_list_no%2Cseries_no;lc:RUMSEY~8~1&mi=12&trs=13},
	urldate = {2020-02-21},
	publisher = {Weimar Geographisches Institut},
	author = {{Geographisches Institut (Weimar, Germany)} and Graef, Adolf},
	year = {1886},
}

@misc{mitchell_africa_1886,
	address = {Philadelphia},
	title = {Africa. - {David} {Rumsey} {Historical} {Map} {Collection}},
	url = {https://www.davidrumsey.com/luna/servlet/detail/RUMSEY~8~1~38180~1211197:Africa-?sort=pub_list_no_initialsort%2Cpub_date%2Cpub_list_no%2Cseries_no&qvq=w4s:/when%2F1886;q:world_area%3DAfrica%20AND%20date%3D1790...1920%20;sort:pub_list_no_initialsort%2Cpub_date%2Cpub_list_no%2Cseries_no;lc:RUMSEY~8~1&mi=11&trs=13},
	urldate = {2020-02-21},
	publisher = {Wm. M. Bradley \& Bro.},
	author = {Mitchell, Samuel Augustus},
	year = {1886},
}

@misc{johnson_africa_1886,
	address = {New York},
	title = {Africa. - {David} {Rumsey} {Historical} {Map} {Collection}},
	url = {https://www.davidrumsey.com/luna/servlet/detail/RUMSEY~8~1~207219~3003180:Africa-?sort=pub_list_no_initialsort%2Cpub_date%2Cpub_list_no%2Cseries_no&qvq=w4s:/when%2F1886;q:world_area%3DAfrica%20AND%20date%3D1790...1920%20;sort:pub_list_no_initialsort%2Cpub_date%2Cpub_list_no%2Cseries_no;lc:RUMSEY~8~1&mi=10&trs=13},
	urldate = {2020-02-20},
	publisher = {Alvin J. Johnson \& Co.},
	author = {Johnson, A.J.},
	year = {1886},
}

@misc{drioux_afrique_1886,
	address = {Paris},
	title = {Afrique : carte politique - {David} {Rumsey} {Historical} {Map} {Collection}},
	url = {https://www.davidrumsey.com/luna/servlet/detail/RUMSEY~8~1~258193~5521550:Afrique---carte-politique?sort=pub_list_no_initialsort%2Cpub_date%2Cpub_list_no%2Cseries_no&qvq=w4s:/when%2F1886;q:world_area%3DAfrica%20AND%20date%3D1790...1920%20;sort:pub_list_no_initialsort%2Cpub_date%2Cpub_list_no%2Cseries_no;lc:RUMSEY~8~1&mi=7&trs=13},
	urldate = {2020-02-20},
	publisher = {Eugene Belin},
	author = {Drioux, Claude-Joseph and Leroy, Charles},
	year = {1886},
}

@misc{mitchell_africa_1886-1,
	address = {Philadelphia},
	title = {Africa. - {David} {Rumsey} {Historical} {Map} {Collection}},
	url = {https://www.davidrumsey.com/luna/servlet/detail/RUMSEY~8~1~37260~1210253:Africa-?sort=pub_list_no_initialsort%2Cpub_date%2Cpub_list_no%2Cseries_no&qvq=w4s:/when%2F1886;q:world_area%3DAfrica%20AND%20date%3D1790...1920%20;sort:pub_list_no_initialsort%2Cpub_date%2Cpub_list_no%2Cseries_no;lc:RUMSEY~8~1&mi=0&trs=13},
	urldate = {2020-02-20},
	publisher = {Wm. M. Bradley \& Bro.},
	author = {Mitchell, Samuel Augustus Jr.},
	year = {1886},
}

@misc{black_africa_1884,
	address = {Edinburgh},
	title = {Africa. - {David} {Rumsey} {Historical} {Map} {Collection}},
	url = {https://www.davidrumsey.com/luna/servlet/detail/RUMSEY~8~1~304356~90074963:Africa-?sort=pub_list_no_initialsort%2Cpub_date%2Cpub_list_no%2Cseries_no&qvq=w4s:/when%2F1884;q:world_area%3DAfrica%20AND%20date%3D1790...1920%20;sort:pub_list_no_initialsort%2Cpub_date%2Cpub_list_no%2Cseries_no;lc:RUMSEY~8~1&mi=7&trs=8},
	urldate = {2020-02-16},
	publisher = {Adam \& Charles Black},
	author = {Black, Adam and Black, Charles},
	year = {1884},
}

@misc{sohr_afrika_1884,
	address = {Glogau},
	title = {Afrika - {David} {Rumsey} {Historical} {Map} {Collection}},
	url = {https://www.davidrumsey.com/luna/servlet/detail/RUMSEY~8~1~299154~90070063:Afrika?sort=pub_list_no_initialsort%2Cpub_date%2Cpub_list_no%2Cseries_no&qvq=w4s:/when%2F1884;q:world_area%3DAfrica%20AND%20date%3D1790...1920%20;sort:pub_list_no_initialsort%2Cpub_date%2Cpub_list_no%2Cseries_no;lc:RUMSEY~8~1&mi=1&trs=8},
	urldate = {2020-02-16},
	publisher = {Carl Flemming},
	author = {Sohr, Karl and Berghaus, Heinrich and Handtke, Friedrich},
	year = {1884},
}

@misc{letts_africa_1883,
	address = {London},
	title = {Africa. - {David} {Rumsey} {Historical} {Map} {Collection}},
	url = {https://www.davidrumsey.com/luna/servlet/detail/RUMSEY~8~1~31456~1150412:Africa-?sort=pub_list_no_initialsort%2Cpub_date%2Cpub_list_no%2Cseries_no&qvq=w4s:/when%2F1883;q:world_area%3DAfrica%20AND%20date%3D1790...1920%20;sort:pub_list_no_initialsort%2Cpub_date%2Cpub_list_no%2Cseries_no;lc:RUMSEY~8~1&mi=3&trs=4},
	urldate = {2020-02-06},
	publisher = {Letts, Son \& Co.},
	author = {Letts, Son \& Co.},
	year = {1883},
}

@misc{cram_africa_1883,
	address = {Chicago},
	title = {Africa. - {David} {Rumsey} {Historical} {Map} {Collection}},
	url = {https://www.davidrumsey.com/luna/servlet/detail/RUMSEY~8~1~260021~5522820:Africa-?sort=pub_list_no_initialsort%2Cpub_date%2Cpub_list_no%2Cseries_no&qvq=w4s:/when%2F1883;q:world_area%3DAfrica%20AND%20date%3D1790...1920%20;sort:pub_list_no_initialsort%2Cpub_date%2Cpub_list_no%2Cseries_no;lc:RUMSEY~8~1&mi=0&trs=4},
	urldate = {2020-02-06},
	publisher = {A.C. Shewey and Co.},
	author = {Cram, George Franklin},
	year = {1883},
}

@misc{jouvet_et_cie_afrique_1882,
	address = {Paris},
	title = {Afrique. - {David} {Rumsey} {Historical} {Map} {Collection}},
	url = {https://www.davidrumsey.com/luna/servlet/detail/RUMSEY~8~1~38218~1211235:Afrique-?sort=pub_list_no_initialsort%2Cpub_date%2Cpub_list_no%2Cseries_no&qvq=w4s:/when%2F1882;q:world_area%3DAfrica%20AND%20date%3D1790...1920%20;sort:pub_list_no_initialsort%2Cpub_date%2Cpub_list_no%2Cseries_no;lc:RUMSEY~8~1&mi=6&trs=7},
	urldate = {2020-02-06},
	publisher = {Jouvet et Cie},
	author = {{Jouvet et Cie.}},
	year = {1882},
}

@misc{stieler_afrika_1881,
	address = {Gotha},
	title = {Afrika ({Africa}). - {David} {Rumsey} {Historical} {Map} {Collection}},
	url = {https://www.davidrumsey.com/luna/servlet/detail/RUMSEY~8~1~242934~5513228:Afrika--Africa--?sort=pub_list_no_initialsort%2Cpub_date%2Cpub_list_no%2Cseries_no&qvq=w4s:/when%2F1879;q:world_area%3DAfrica%20AND%20date%3D1790...1920%20;sort:pub_list_no_initialsort%2Cpub_date%2Cpub_list_no%2Cseries_no;lc:RUMSEY~8~1&mi=1&trs=5},
	urldate = {2020-01-23},
	publisher = {Justus Perthus},
	author = {Stieler, Adolf},
	year = {1881},
}

@misc{stieler_afrika_1837,
	address = {Gotha},
	title = {Afrika},
	url = {https://www.davidrumsey.com/luna/servlet/detail/RUMSEY~8~1~241977~5512828:Afrika---Africa--?sort=pub_list_no_initialsort%2Cpub_date%2Cpub_list_no%2Cseries_no},
	urldate = {2019-12-11},
	publisher = {Justus Perthus},
	author = {Stieler, Adolf},
	year = {1837},
	note = {Depicts 1834},
}

@misc{brue_afrique_1875,
	address = {Paris},
	title = {Afrique. - {David} {Rumsey} {Historical} {Map} {Collection}},
	url = {https://www.davidrumsey.com/luna/servlet/detail/RUMSEY~8~1~202324~3001041:Afrique-?sort=pub_list_no_initialsort%2Cpub_date%2Cpub_list_no%2Cseries_no&qvq=w4s:/when%2F1875;q:world_area%3DAfrica%20AND%20date%3D1790...1920%20;sort:pub_list_no_initialsort%2Cpub_date%2Cpub_list_no%2Cseries_no;lc:RUMSEY~8~1&mi=7&trs=10},
	urldate = {2020-01-09},
	publisher = {Institut Geographique de Paris},
	author = {Brue, Adrien Hubert and Levasseur, E.},
	year = {1875},
}

@misc{sohr_afrika_1875,
	address = {Glogau},
	title = {Afrika - {David} {Rumsey} {Historical} {Map} {Collection}},
	url = {https://www.davidrumsey.com/luna/servlet/detail/RUMSEY~8~1~304989~90075502:Afrika?sort=pub_list_no_initialsort%2Cpub_date%2Cpub_list_no%2Cseries_no&qvq=w4s:/when%2F1875;q:world_area%3DAfrica%20AND%20date%3D1790...1920%20;sort:pub_list_no_initialsort%2Cpub_date%2Cpub_list_no%2Cseries_no;lc:RUMSEY~8~1&mi=0&trs=10},
	urldate = {2020-01-06},
	publisher = {Carl Flemming},
	author = {Sohr, Karl and Berghaus, Heinrich and Handtke, Friedrich and Theinert, A. and Hubner, F.},
	year = {1875},
}

@misc{lloyd_africa_1874,
	address = {Concord, New Hampshire},
	edition = {1872 Edition},
	title = {Africa. {Palestine} - {David} {Rumsey} {Historical} {Map} {Collection}},
	url = {https://www.davidrumsey.com/luna/servlet/detail/RUMSEY~8~1~297523~90068824:Africa--Palestine?sort=pub_list_no_initialsort%2Cpub_date%2Cpub_list_no%2Cseries_no&qvq=w4s:/when%2F1874;q:world_area%3DAfrica%20AND%20date%3D1790...1920%20;sort:pub_list_no_initialsort%2Cpub_date%2Cpub_list_no%2Cseries_no;lc:RUMSEY~8~1&mi=1&trs=8},
	urldate = {2020-01-03},
	publisher = {D.L. Guernsey},
	author = {Lloyd, H.H.},
	year = {1874},
}

@misc{kiepert_africa._1871,
	address = {Berlin},
	title = {Africa. {Neue} {Bearbeitung} 1870. {Situation} und {Schrift} gest. von {Th}. {Luther}. {Terrain} v. {E}. {Biedermann}, {Weimar}. (to accompany) {H}. {Kiepert}'s {Neuer} {Handatlas} {No}. 33. {Berlin} {BEI} {Dietrich} {Reimer}. (inset) {Die} {Cap}-{Colonie}.},
	url = {https://www.davidrumsey.com/luna/servlet/detail/RUMSEY~8~1~303802~90074510:Africa?sort=pub_list_no_initialsort%2Cpub_date%2Cpub_list_no%2Cseries_no&qvq=w4s:/when%2F1870;q:world_area%3DAfrica%20AND%20date%3D1790...1920%20;sort:pub_list_no_initialsort%2Cpub_date%2Cpub_list_no%2Cseries_no;lc:RUMSEY~8~1&mi=1&trs=4},
	urldate = {2019-12-11},
	publisher = {Dietrich Reimer},
	author = {Kiepert, Heinrich},
	year = {1871},
}

@misc{steiler_afrika_1892,
	address = {Gotha},
	title = {Afrika in 6 {Blaetten}},
	url = {https://www.davidrumsey.com/luna/servlet/detail/RUMSEY~8~1~314624~90083219:Composite-Map--Afrika-in-6-Blaetten?sort=pub_list_no_initialsort%2Cpub_date%2Cpub_list_no%2Cseries_no},
	urldate = {2019-10-09},
	publisher = {Justus Perthus},
	author = {Steiler, Adolf and Lueddecke, R.},
	year = {1892},
	note = {Pub Title:
Stieler's Hand-Atlas. Ausgabe in 44 Karten. Gotha: Justus Perthus.
Pub Note:
Date estimated. Relief shown in hachures. Outline color. This is the abbreviated edition of Stieler's world atlas, but with several multi-sheet maps.},
}

@misc{pinkerton_northern_1815,
	address = {London},
	title = {Northern {Africa}. - {David} {Rumsey} {Historical} {Map} {Collection}},
	url = {https://www.davidrumsey.com/luna/servlet/detail/RUMSEY~8~1~3835~370027:Northern-Africa-?sort=pub_list_no_initialsort%2Cpub_date%2Cpub_list_no%2Cseries_no&qvq=w4s:/when%2F1814;q:world_area%3DAfrica%20AND%20date%3D1790...1920%20;sort:pub_list_no_initialsort%2Cpub_date%2Cpub_list_no%2Cseries_no;lc:RUMSEY~8~1&mi=7&trs=16},
	urldate = {2020-08-27},
	publisher = {Longman, Hurst, Rees, Orme, and Brown},
	author = {Pinkerton, John},
	year = {1815},
}

@misc{lange_charte_1809,
	address = {Leipzig},
	title = {Charte von {Afrika} - {David} {Rumsey} {Historical} {Map} {Collection}},
	url = {https://www.davidrumsey.com/luna/servlet/detail/RUMSEY~8~1~306313~90076669:Charte-von-Afrika?sort=pub_list_no_initialsort%2Cpub_date%2Cpub_list_no%2Cseries_no&qvq=w4s:/when%2F1809;q:world_area%3DAfrica%20AND%20date%3D1790...1920%20;sort:pub_list_no_initialsort%2Cpub_date%2Cpub_list_no%2Cseries_no;lc:RUMSEY~8~1&mi=1&trs=2},
	urldate = {2020-07-02},
	publisher = {I.E. Lange},
	author = {Lange, I. E.},
	year = {1809},
}

@misc{boulton_composite_1804,
	address = {London},
	title = {Composite: {Africa}. - {David} {Rumsey} {Historical} {Map} {Collection}},
	url = {https://www.davidrumsey.com/luna/servlet/detail/RUMSEY~8~1~31580~1150059:Composite--Africa-?sort=pub_list_no_initialsort%2Cpub_date%2Cpub_list_no%2Cseries_no&qvq=w4s:/when%2F1804;q:world_area%3DAfrica%20AND%20date%3D1790...1920%20;sort:pub_list_no_initialsort%2Cpub_date%2Cpub_list_no%2Cseries_no;lc:RUMSEY~8~1&mi=3&trs=10},
	urldate = {2020-07-01},
	publisher = {Laurie \& Whittle},
	author = {Boulton, S. and {Robert Laurie \& James Whittle} and Kitchin, Thomas},
	year = {1804},
}

@misc{poirson_carte_1804,
	address = {Paris},
	title = {Carte d'{Afrique} - {David} {Rumsey} {Historical} {Map} {Collection}},
	url = {https://www.davidrumsey.com/luna/servlet/detail/RUMSEY~8~1~248009~5515721:Carte-d-Afrique?sort=pub_list_no_initialsort%2Cpub_date%2Cpub_list_no%2Cseries_no&qvq=w4s:/when%2F1803;q:world_area%3DAfrica%20AND%20date%3D1790...1920%20;sort:pub_list_no_initialsort%2Cpub_date%2Cpub_list_no%2Cseries_no;lc:RUMSEY~8~1&mi=1&trs=3},
	urldate = {2020-06-29},
	publisher = {F. Buisson},
	author = {Poirson, J.B. and Herbin de Halle, Etienne de.},
	year = {1804},
}

@misc{mitchell_map_1867,
	address = {Philadelphia},
	title = {Map of {Africa}},
	url = {https://www.davidrumsey.com/luna/servlet/detail/RUMSEY~8~1~249828~5516671:Map-of-Africa?sort=Pub_List_No_InitialSort},
	urldate = {2020-06-19},
	publisher = {S.A. Mitchell Jr.},
	author = {Mitchell, Samuel Augustus Jr.},
	year = {1867},
}

@misc{colton_north_1865,
	address = {New York},
	title = {North {Eastern} {Africa}},
	url = {https://www.davidrumsey.com/luna/servlet/detail/RUMSEY~8~1~208871~5003485:North-Eastern-Africa-?sort=Pub_List_No_InitialSort},
	urldate = {2020-06-17},
	publisher = {J. H. Colton},
	author = {Colton, G.W.},
	year = {1865},
}

@misc{colton_north_1865-1,
	address = {New York},
	title = {North {Western} {Africa}},
	url = {https://www.davidrumsey.com/luna/servlet/detail/RUMSEY~8~1~208875~5003486:North-Western-Africa-?sort=Pub_List_No_InitialSort},
	urldate = {2020-06-17},
	publisher = {J. H. Colton},
	author = {Colton, G.W.},
	year = {1865},
}

@misc{mitchell_map_1865,
	address = {Philadelphia},
	title = {Map {Of} {Africa}, {Showing} {Its} {Most} {Recent} {Discoveries}},
	url = {https://www.davidrumsey.com/luna/servlet/detail/RUMSEY~8~1~235449~5510478:Map-Of-Africa,-Showing-Its-Most-Rec?sort=Pub_List_No_InitialSort},
	urldate = {2020-06-16},
	publisher = {S.A. Mitchell Jr.},
	author = {Mitchell, Samuel Augustus},
	year = {1865},
}

@misc{mitchell_map_1865-1,
	address = {Philadelphia},
	title = {Map {No}. {XL}. {Africa}. {XLI}. {Egypt}. {XLII}. {Liberia}},
	url = {https://www.davidrumsey.com/luna/servlet/detail/RUMSEY~8~1~304428~90075026:Map-No--XL--Africa--XLI--Egypt--XLI?sort=Pub_List_No_InitialSort},
	urldate = {2020-06-12},
	publisher = {E.H. Butler},
	author = {Mitchell, Samuel Augustus Jr.},
	year = {1865},
}

@misc{johnson_johnsons_1864,
	address = {New York},
	title = {Johnson's {Africa}},
	url = {https://www.davidrumsey.com/luna/servlet/detail/RUMSEY~8~1~305465~90075756:Johnson-s-Africa?sort=Pub_List_No_InitialSort},
	urldate = {2020-06-10},
	publisher = {A.J. Johnson \& Son.},
	author = {Johnson, Alvin Jewett},
	year = {1864},
}

@misc{mitchell_map_1860,
	address = {Philadelphia},
	title = {Map of {Africa}, showing its most recent discoveries.},
	url = {https://www.davidrumsey.com/luna/servlet/detail/RUMSEY~8~1~2082~120080:Map-of-Africa-?sort=Pub_List_No_InitialSort},
	urldate = {2020-06-04},
	publisher = {A.A. Mitchell, Jr.},
	author = {Mitchell, Samuel Augustus},
	year = {1860},
}

@misc{johnson_johnsons_1860,
	address = {New York},
	title = {Johnson's {Africa}},
	url = {https://www.davidrumsey.com/luna/servlet/detail/RUMSEY~8~1~2542~320022:Africa-?sort=Pub_List_No_InitialSort},
	urldate = {2020-06-02},
	publisher = {Johnson and Browning},
	author = {Johnson, A.J.},
	year = {1860},
}

@misc{berghaus_composite_1859,
	address = {Glogau},
	title = {Composite: {No}. 92-93. {Nordostliches} {Afrika}. {No}. {I}-{II}},
	url = {https://www.davidrumsey.com/luna/servlet/detail/RUMSEY~8~1~320145~90089804:Composite--No--92-93--Nordostliches?sort=Pub_List_No_InitialSort},
	urldate = {2020-06-02},
	publisher = {C. Flemming},
	author = {Berghaus, Heinrich and Sohr, Karl and Flemming, Carl},
	year = {1859},
}

@misc{berghaus_no_1859,
	address = {Glogau},
	title = {No. 94. {Sud}={Africa}},
	url = {https://www.davidrumsey.com/luna/servlet/detail/RUMSEY~8~1~320146~90089135:No--94--Sud=Africa?sort=Pub_List_No_InitialSort},
	urldate = {2020-06-02},
	publisher = {C. Flemming},
	author = {Berghaus, Heinrich and Sohr, Karl and Flemming, Carl},
	year = {1859},
}

@misc{berghaus_no_1859-1,
	address = {Glogau},
	title = {No. 95. {Senegambien}, {Sudan}, {Guinea}},
	url = {https://www.davidrumsey.com/luna/servlet/detail/RUMSEY~8~1~320147~90089134:No--95--Senegambien,-Sudan,-Guinea-?sort=Pub_List_No_InitialSort},
	urldate = {2020-06-02},
	publisher = {C. Flemming},
	author = {Berghaus, Heinrich and Sohr, Karl and Flemming, Carl},
	year = {1859},
}

@misc{baur_bl_1857,
	address = {Mannheim},
	title = {Bl. {XVII}. {Africa}},
	url = {https://www.davidrumsey.com/luna/servlet/detail/RUMSEY~8~1~317249~90086094:Bl--XVII--Africa?sort=Pub_List_No_InitialSort},
	urldate = {2020-06-01},
	publisher = {F. Bassermann},
	author = {Baur, Carl Friedrich},
	year = {1857},
}

@misc{flemming_composite_1855,
	address = {Glogau and Leipzig},
	title = {Composite: {NO} {Afrika}},
	url = {https://www.davidrumsey.com/luna/servlet/detail/RUMSEY~8~1~33543~1171029:Composite--NO-Afrika-?sort=Pub_List_No_InitialSort},
	urldate = {2020-05-27},
	publisher = {C. Flemming},
	author = {Flemming, Carl and Berghaus, Heinrich and Sohr, Karl},
	year = {1855},
}

@misc{brue_carte_1854,
	title = {Carte {Physique} et {Politique} de l'{Afrique}},
	url = {https://www.davidrumsey.com/luna/servlet/detail/RUMSEY~8~1~284520~90057062:Carte-Physique-et-Politique-de-l-Af?sort=Pub_List_No_InitialSort},
	urldate = {2020-05-26},
	publisher = {J. Andriveau-Goujon},
	author = {Brué, A.H. and Andriveau-Goujon, J.},
	year = {1854},
	note = {Depicts 1847
Same as Andriveau-Goujon1854, although this reference is more correct.},
}

@misc{andriveau-goujon_carte_1854,
	address = {Paris},
	title = {Carte {Physique} et {Politique} de l'{Afrique}},
	url = {https://www.davidrumsey.com/luna/servlet/detail/RUMSEY~8~1~284520~90057062:Carte-Physique-et-Politique-de-l-Af?sort=pub_list_no_initialsort%2Cpub_date%2Cpub_list_no%2Cseries_no},
	urldate = {2020-03-03},
	publisher = {Chez J. Andriveau-Goujon},
	author = {Andriveau-Goujon, E.},
	year = {1854},
	note = {Depicts 1847.
Same as Brue1854, which is the more correct reference.},
}

@misc{mitchell_map_1853,
	address = {Philadelphia},
	title = {Map of {Africa} from the {Latest} {Authorities} - {David} {Rumsey} {Historical} {Map} {Collection}},
	url = {https://www.davidrumsey.com/luna/servlet/detail/RUMSEY~8~1~225065~5506598:Map-of-Africa-from-the-Latest-Autho?sort=Pub_List_No_InitialSort},
	urldate = {2020-05-25},
	publisher = {Thomas, Cowperthwait  Co.},
	author = {Mitchell, Samuel Augustus},
	year = {1853},
}

@misc{steiler_composite_1853,
	address = {Gotha},
	title = {Composite: {No}. {LII}, {LIII}. {Stieler}'s {Hand}-{Atlas} ({No}. 45a, 45b, 45c). {Africa}},
	url = {https://www.davidrumsey.com/luna/servlet/detail/RUMSEY~8~1~245586~5513969:Composite--Africa?sort=Pub_List_No_InitialSort},
	urldate = {2020-05-18},
	publisher = {Justus Perthes},
	author = {Steiler, Adolf},
	year = {1853},
	note = {Depicts 1852},
}

@misc{barbie_du_bocage_afrique_1852,
	address = {Paris},
	title = {L'{Afrique}. - {David} {Rumsey} {Historical} {Map} {Collection}},
	url = {https://www.davidrumsey.com/luna/servlet/detail/RUMSEY~8~1~253112~5518755:L-Afrique-?sort=Pub_List_No_InitialSort},
	urldate = {2020-05-18},
	publisher = {Maison Basset},
	author = {Barbie du Bocage, J.G. and Dufour, H.},
	year = {1852},
}

@misc{meyer_composite_1872,
	address = {Hildburghausen},
	title = {Composite: {Afrika} : {Nordostliches}, {Nordwestliches}, {Sudliches} - {David} {Rumsey} {Historical} {Map} {Collection}},
	url = {https://www.davidrumsey.com/luna/servlet/detail/RUMSEY~8~1~319782~90088697:Composite--Afrika---Nordostliches,-?sort=pub_list_no_initialsort%2Cpub_date%2Cpub_list_no%2Cseries_no&qvq=w4s:/when%2F1872;q:world_area%3DAfrica%20AND%20date%3D1790...1920%20;sort:pub_list_no_initialsort%2Cpub_date%2Cpub_list_no%2Cseries_no;lc:RUMSEY~8~1&mi=4&trs=7},
	urldate = {2020-03-19},
	publisher = {Bibliographischen Instituts},
	author = {Meyer, Herrmann Julius and Ravenstein, Ludwig},
	year = {1872},
}

@misc{lapie_carte_1851,
	address = {Paris},
	title = {Carte d'{Afrique}},
	url = {https://www.davidrumsey.com/luna/servlet/detail/RUMSEY~8~1~318096~90086976:Carte-d-Afrique?sort=pub_list_no_initialsort%2Cpub_date%2Cpub_list_no%2Cseries_no},
	urldate = {2020-03-12},
	publisher = {P. C. Lehuby},
	author = {Lapie, M., Pierre and Lapie, Alexandre Emile},
	year = {1851},
}

@misc{stieler_composite_1851,
	address = {Gotha},
	title = {Composite: {Africa}},
	url = {https://www.davidrumsey.com/luna/servlet/detail/RUMSEY~8~1~244895~5513835:Composite--Africa?sort=pub_list_no_initialsort%2Cpub_date%2Cpub_list_no%2Cseries_no},
	urldate = {2020-03-11},
	publisher = {Justus Perthes},
	author = {Stieler, Adolf},
	year = {1851},
	note = {Depicts 1850},
}

@misc{meyer_laender_1852,
	address = {Amsterdam},
	title = {Die {Laender} des {Pascha} von {Aegypten} 1849},
	url = {https://www.davidrumsey.com/luna/servlet/detail/RUMSEY~8~1~305115~90075532:Die-Laender-des-Pascha-von-Aegypten?sort=pub_list_no_initialsort%2Cpub_date%2Cpub_list_no%2Cseries_no},
	urldate = {2020-03-10},
	publisher = {Bibliographischen Instituts},
	author = {Meyer, Joseph},
	year = {1852},
}

@misc{tanner_map_1848,
	address = {Philadelphia},
	title = {Map of {Africa}},
	url = {https://www.davidrumsey.com/luna/servlet/detail/RUMSEY~8~1~200346~3000237:Map-of-Africa?sort=pub_list_no_initialsort%2Cpub_date%2Cpub_list_no%2Cseries_no},
	urldate = {2020-03-05},
	publisher = {Henry S. Tanner},
	author = {Tanner, Henry S.},
	year = {1848},
}

@misc{lowry_north_1849,
	address = {London},
	title = {North {Africa}},
	url = {https://www.davidrumsey.com/luna/servlet/detail/RUMSEY~8~1~37518~1210509:North-Africa-?sort=pub_list_no_initialsort%2Cpub_date%2Cpub_list_no%2Cseries_no},
	urldate = {2020-03-05},
	publisher = {Chapman \& Hill},
	author = {Lowry, J.W and Sharpe, J.},
	year = {1849},
	note = {Depicts 1848},
}

@misc{rodini_carta_1859,
	address = {Naples},
	title = {Carta {Generale} dell' {Affrica}},
	url = {https://www.davidrumsey.com/luna/servlet/detail/RUMSEY~8~1~306941~90076831:Carta-Generale-dell--Affrica-?sort=pub_list_no_initialsort%2Cpub_date%2Cpub_list_no%2Cseries_no},
	urldate = {2020-03-03},
	publisher = {Guiseppe Rodini},
	author = {Rodini, Guiseppe},
	year = {1859},
}

@misc{stieler_composite_1911,
	address = {Gotha},
	title = {Composite {Map}: {Nr}. 69-75. {Afrika}, {Bl}. 7 {Blaettern}. ... von {H}. {Habenicht}. - {David} {Rumsey} {Historical} {Map} {Collection}},
	url = {https://www.davidrumsey.com/luna/servlet/detail/RUMSEY~8~1~297387~90068979:Composite-Map--Nr--69-75--Afrika,-B?sort=pub_list_no_initialsort%2Cpub_date%2Cpub_list_no%2Cseries_no&qvq=w4s:/when%2F1911;q:world_area%3DAfrica%20AND%20date%3D1790...1920%20;sort:pub_list_no_initialsort%2Cpub_date%2Cpub_list_no%2Cseries_no;lc:RUMSEY~8~1&mi=8&trs=11},
	urldate = {2020-02-28},
	publisher = {Justus Perthes},
	author = {Stieler, Adolf and Habenicht, H.},
	year = {1911},
}

@misc{stieler_nr_1911,
	address = {Gotha},
	title = {Nr. 68. {Afrika}. ... {C}. {Barich}. - {David} {Rumsey} {Historical} {Map} {Collection}},
	url = {https://www.davidrumsey.com/luna/servlet/detail/RUMSEY~8~1~297372~90068964:Nr--68--Afrika------C--Barich-?sort=pub_list_no_initialsort%2Cpub_date%2Cpub_list_no%2Cseries_no&qvq=w4s:/when%2F1911;q:world_area%3DAfrica%20AND%20date%3D1790...1920%20;sort:pub_list_no_initialsort%2Cpub_date%2Cpub_list_no%2Cseries_no;lc:RUMSEY~8~1&mi=0&trs=11},
	urldate = {2020-02-28},
	publisher = {Justus Perthes},
	author = {Stieler, Adolf and Barich, C.},
	year = {1911},
}

@misc{marks_no53_1916,
	address = {St. Petersburg},
	title = {No.53. {Afrika} - {David} {Rumsey} {Historical} {Map} {Collection}},
	url = {https://www.davidrumsey.com/luna/servlet/detail/RUMSEY~8~1~255796~5520039:No-53--Afrika?sort=pub_list_no_initialsort%2Cpub_date%2Cpub_list_no%2Cseries_no&qvq=w4s:/when%2F1909;q:world_area%3DAfrica%20AND%20date%3D1790...1920%20;sort:pub_list_no_initialsort%2Cpub_date%2Cpub_list_no%2Cseries_no;lc:RUMSEY~8~1&mi=0&trs=2},
	urldate = {2020-02-28},
	publisher = {Izd. A.F. Marksa},
	author = {Marks, A. F. (Firm) and Petri, Eduard Iulevic and Shokalskago, Iu. M.},
	year = {1916},
}

@misc{andree_deutsch_1906,
	address = {Bielefeld, Leipzig},
	title = {Deutsch - {Sudwestafrika}, {Sudlicher} {Teil} und {Britisch} - {Sudafrika} - {David} {Rumsey} {Historical} {Map} {Collection}},
	url = {https://www.davidrumsey.com/luna/servlet/detail/RUMSEY~8~1~239439~5511791:Deutsch---Sudwestafrika,-Sudlicher-?sort=pub_list_no_initialsort%2Cpub_date%2Cpub_list_no%2Cseries_no&qvq=w4s:/when%2F1905;q:world_area%3DAfrica%20AND%20date%3D1790...1920%20;sort:pub_list_no_initialsort%2Cpub_date%2Cpub_list_no%2Cseries_no;lc:RUMSEY~8~1&mi=11&trs=12},
	urldate = {2020-02-28},
	publisher = {Velhagen \& Klasing},
	author = {Andree, Richard and Scobel, Albert},
	year = {1906},
}

@misc{andree_mittel-_1906,
	address = {Bielefeld, Leipzig},
	title = {Mittel- und {Sud}- {Afrika} - {David} {Rumsey} {Historical} {Map} {Collection}},
	url = {https://www.davidrumsey.com/luna/servlet/detail/RUMSEY~8~1~239424~5511786:Mittel--und-Sud--Afrika?sort=pub_list_no_initialsort%2Cpub_date%2Cpub_list_no%2Cseries_no&qvq=w4s:/when%2F1905;q:world_area%3DAfrica%20AND%20date%3D1790...1920%20;sort:pub_list_no_initialsort%2Cpub_date%2Cpub_list_no%2Cseries_no;lc:RUMSEY~8~1&mi=6&trs=12},
	urldate = {2020-02-28},
	publisher = {Velhagen \& Klasing},
	author = {Andree, Richard and Scobel, Albert},
	year = {1906},
}

@misc{andree_nordostliches_1906,
	address = {Bielefeld, Leipzig},
	title = {Nordostliches {Afrika} - {David} {Rumsey} {Historical} {Map} {Collection}},
	url = {https://www.davidrumsey.com/luna/servlet/detail/RUMSEY~8~1~239422~5511785:Nordostliches-Afrika?sort=pub_list_no_initialsort%2Cpub_date%2Cpub_list_no%2Cseries_no&qvq=w4s:/when%2F1905;q:world_area%3DAfrica%20AND%20date%3D1790...1920%20;sort:pub_list_no_initialsort%2Cpub_date%2Cpub_list_no%2Cseries_no;lc:RUMSEY~8~1&mi=5&trs=12},
	urldate = {2020-02-28},
	publisher = {Velhagen \& Klasing},
	author = {Andree, Richard and Scobel, Albert},
	year = {1906},
}

@misc{andree_nordwestliches_1906,
	address = {Bielefeld, Leipzig},
	title = {Nordwestliches {Afrika} - {David} {Rumsey} {Historical} {Map} {Collection}},
	url = {https://www.davidrumsey.com/luna/servlet/detail/RUMSEY~8~1~239420~5511784:Nordwestliches-Afrika?sort=pub_list_no_initialsort%2Cpub_date%2Cpub_list_no%2Cseries_no&qvq=w4s:/when%2F1905;q:world_area%3DAfrica%20AND%20date%3D1790...1920%20;sort:pub_list_no_initialsort%2Cpub_date%2Cpub_list_no%2Cseries_no;lc:RUMSEY~8~1&mi=4&trs=12},
	urldate = {2020-02-28},
	publisher = {Velhagen \& Klasing},
	author = {Andree, Richard and Scobel, Albert},
	year = {1906},
}

@misc{wagner_no_1902,
	address = {Gotha},
	title = {No. 41. {Afrika}. - {David} {Rumsey} {Historical} {Map} {Collection}},
	url = {https://www.davidrumsey.com/luna/servlet/detail/RUMSEY~8~1~267885~90042383:No--41--Afrika-?sort=pub_list_no_initialsort%2Cpub_date%2Cpub_list_no%2Cseries_no&qvq=w4s:/when%2F1902;q:world_area%3DAfrica%20AND%20date%3D1790...1920%20;sort:pub_list_no_initialsort%2Cpub_date%2Cpub_list_no%2Cseries_no;lc:RUMSEY~8~1&mi=0&trs=1},
	urldate = {2020-02-27},
	publisher = {Justus Perthes},
	author = {Wagner, Hermann},
	year = {1902},
}

@misc{debes_no_1899,
	address = {Leipzig},
	title = {No. 45: {Afrika} - {David} {Rumsey} {Historical} {Map} {Collection}},
	url = {https://www.davidrumsey.com/luna/servlet/detail/RUMSEY~8~1~266711~90041209:No--45--Afrika?sort=pub_list_no_initialsort%2Cpub_date%2Cpub_list_no%2Cseries_no&qvq=w4s:/when%2F1899;q:world_area%3DAfrica%20AND%20date%3D1790...1920%20;sort:pub_list_no_initialsort%2Cpub_date%2Cpub_list_no%2Cseries_no;lc:RUMSEY~8~1&mi=0&trs=1},
	urldate = {2020-02-25},
	publisher = {H. Wagner \& E. Debes},
	author = {Debes, Ernst},
	year = {1899},
}

@misc{arrowsmith_north_1844,
	address = {London},
	title = {North {Western} {Africa}},
	url = {https://www.davidrumsey.com/luna/servlet/detail/RUMSEY~8~1~2738~260023:North-Western-Africa-?sort=pub_list_no_initialsort%2Cpub_date%2Cpub_list_no%2Cseries_no},
	urldate = {2020-02-25},
	publisher = {John Arrowsmith},
	author = {Arrowsmith, John},
	year = {1844},
}

@misc{stieler_composite_1895,
	address = {Gotha},
	title = {Composite {Map}: 66-71. {Afrika} in 6 {Blaettern}, {Blatt} 1-6. - {David} {Rumsey} {Historical} {Map} {Collection}},
	url = {https://www.davidrumsey.com/luna/servlet/detail/RUMSEY~8~1~319984~90088874:Composite-Map--66-71--Afrika-in-6-B?sort=pub_list_no_initialsort%2Cpub_date%2Cpub_list_no%2Cseries_no&qvq=w4s:/when%2F1894;q:world_area%3DAfrica%20AND%20date%3D1790...1920%20;sort:pub_list_no_initialsort%2Cpub_date%2Cpub_list_no%2Cseries_no;lc:RUMSEY~8~1&mi=1&trs=3},
	urldate = {2020-02-24},
	publisher = {Justus Perthes},
	author = {Stieler, Adolf and Lueddecke, Dr. R.},
	year = {1895},
}

@misc{stieler_composite_1892,
	address = {Gotha},
	title = {Composite {Map}: {Afrika} in 6 {Blaetten}. - {David} {Rumsey} {Historical} {Map} {Collection}},
	url = {https://www.davidrumsey.com/luna/servlet/detail/RUMSEY~8~1~314624~90083219:Composite-Map--Afrika-in-6-Blaetten?sort=pub_list_no_initialsort%2Cpub_date%2Cpub_list_no%2Cseries_no&qvq=w4s:/when%2F1892;q:world_area%3DAfrica%20AND%20date%3D1790...1920%20;sort:pub_list_no_initialsort%2Cpub_date%2Cpub_list_no%2Cseries_no;lc:RUMSEY~8~1&mi=0&trs=18},
	urldate = {2020-02-21},
	publisher = {Justus Perthus},
	author = {Stieler, Adolf and Lueddecke, R.},
	year = {1892},
}

@misc{sohr_composite_1888,
	address = {Glogau},
	title = {Composite: {Afrika} in four sheets. - {David} {Rumsey} {Historical} {Map} {Collection}},
	url = {https://www.davidrumsey.com/luna/servlet/detail/RUMSEY~8~1~302212~90073450:Composite--Afrika-in-four-sheets-?sort=pub_list_no_initialsort%2Cpub_date%2Cpub_list_no%2Cseries_no&qvq=w4s:/when%2F1888;q:world_area%3DAfrica%20AND%20date%3D1790...1920%20;sort:pub_list_no_initialsort%2Cpub_date%2Cpub_list_no%2Cseries_no;lc:RUMSEY~8~1&mi=5&trs=9},
	urldate = {2020-02-21},
	publisher = {Carl Flemming},
	author = {Sohr, Karl and Berghaus, Heinrich and Handtke, Friedrich and Klein, H.J.},
	year = {1888},
}

@misc{sohr_no85_1888,
	address = {Glogau},
	title = {No.85. {Sudliches} {Afrika} - {David} {Rumsey} {Historical} {Map} {Collection}},
	url = {https://www.davidrumsey.com/luna/servlet/detail/RUMSEY~8~1~302190~90073153:No-85--Sudliches-Afrika?sort=pub_list_no_initialsort%2Cpub_date%2Cpub_list_no%2Cseries_no&qvq=w4s:/when%2F1888;q:world_area%3DAfrica%20AND%20date%3D1790...1920%20;sort:pub_list_no_initialsort%2Cpub_date%2Cpub_list_no%2Cseries_no;lc:RUMSEY~8~1&mi=4&trs=9},
	urldate = {2020-02-21},
	publisher = {Carl Flemming},
	author = {Sohr, Karl and Berghaus, Heinrich and Handtke, Friedrich and Klein, H.J.},
	year = {1888},
}

@misc{sohr_no83_1888,
	address = {Glogau},
	title = {No.83. {Nordostliches} {Afrika} - {David} {Rumsey} {Historical} {Map} {Collection}},
	url = {https://www.davidrumsey.com/luna/servlet/detail/RUMSEY~8~1~302188~90073155:No-83--Nordostliches-Afrika?sort=pub_list_no_initialsort%2Cpub_date%2Cpub_list_no%2Cseries_no&qvq=w4s:/when%2F1888;q:world_area%3DAfrica%20AND%20date%3D1790...1920%20;sort:pub_list_no_initialsort%2Cpub_date%2Cpub_list_no%2Cseries_no;lc:RUMSEY~8~1&mi=2&trs=9},
	urldate = {2020-02-21},
	publisher = {Carl Flemming},
	author = {Sohr, Karl and Berghaus, Heinrich and Handtke, Friedrich and Klein, H.J.},
	year = {1888},
}

@misc{sohr_no82_1888,
	address = {Glogau},
	title = {No.82. {Nordwestliches} {Afrika} - {David} {Rumsey} {Historical} {Map} {Collection}},
	url = {https://www.davidrumsey.com/luna/servlet/detail/RUMSEY~8~1~302187~90073156:No-82--Nordwestliches-Afrika?sort=pub_list_no_initialsort%2Cpub_date%2Cpub_list_no%2Cseries_no&qvq=w4s:/when%2F1888;q:world_area%3DAfrica%20AND%20date%3D1790...1920%20;sort:pub_list_no_initialsort%2Cpub_date%2Cpub_list_no%2Cseries_no;lc:RUMSEY~8~1&mi=1&trs=9},
	urldate = {2020-02-21},
	publisher = {Carl Flemming},
	author = {Sohr, Karl and Berghaus, Heinrich and Handtke, Friedrich and Klein, H.J.},
	year = {1888},
}

@misc{sohr_no81_1888,
	address = {Glogau},
	title = {No.81. {Afrika} - {David} {Rumsey} {Historical} {Map} {Collection}},
	url = {https://www.davidrumsey.com/luna/servlet/detail/RUMSEY~8~1~302186~90073157:No-81--Afrika?sort=pub_list_no_initialsort%2Cpub_date%2Cpub_list_no%2Cseries_no&qvq=w4s:/when%2F1888;q:world_area%3DAfrica%20AND%20date%3D1790...1920%20;sort:pub_list_no_initialsort%2Cpub_date%2Cpub_list_no%2Cseries_no;lc:RUMSEY~8~1&mi=0&trs=9},
	urldate = {2020-02-21},
	publisher = {Carl Flemming},
	author = {Sohr, Karl and Berghaus, Heinrich and Handtke, Friedrich and Klein, H.J.},
	year = {1888},
}

@misc{marzolla_carta_1856,
	address = {Naples},
	title = {Carta generale di {Affrica}},
	url = {https://www.davidrumsey.com/luna/servlet/detail/RUMSEY~8~1~22748~770036:Carta-generale-di-Affrica-?sort=pub_list_no_initialsort%2Cpub_date%2Cpub_list_no%2Cseries_no},
	urldate = {2020-02-20},
	publisher = {B. Marzolla},
	author = {Marzolla, Benedetto},
	year = {1856},
	note = {Depicts 1843},
}

@misc{colton_north_1886,
	address = {New York},
	title = {North {Eastern} {Africa}. - {David} {Rumsey} {Historical} {Map} {Collection}},
	url = {https://www.davidrumsey.com/luna/servlet/detail/RUMSEY~8~1~209908~5003708:North-Eastern-Africa-?sort=pub_list_no_initialsort%2Cpub_date%2Cpub_list_no%2Cseries_no&qvq=w4s:/when%2F1886;q:world_area%3DAfrica%20AND%20date%3D1790...1920%20;sort:pub_list_no_initialsort%2Cpub_date%2Cpub_list_no%2Cseries_no;lc:RUMSEY~8~1&mi=3&trs=13},
	urldate = {2020-02-20},
	publisher = {G. W \& C. B. Colton \& Co.},
	author = {Colton, G.W.},
	year = {1886},
}

@misc{france_ministere_de_linstruction_publique_afiques_1891,
	address = {Paris},
	title = {L' {Afiques} en 1890 - {David} {Rumsey} {Historical} {Map} {Collection}},
	url = {https://www.davidrumsey.com/luna/servlet/detail/RUMSEY~8~1~317162~90086026:L--Afiques-en-1890?sort=pub_list_no_initialsort%2Cpub_date%2Cpub_list_no%2Cseries_no&qvq=w4s:/when%2F1885;q:world_area%3DAfrica%20AND%20date%3D1790...1920%20;sort:pub_list_no_initialsort%2Cpub_date%2Cpub_list_no%2Cseries_no;lc:RUMSEY~8~1&mi=11&trs=14},
	urldate = {2020-02-20},
	publisher = {Justus Perthes},
	author = {{France. Ministere de l'instruction publique}},
	year = {1891},
}

@misc{delamarche_afrique_1847,
	address = {Paris},
	title = {L'{Afrique}. {L}'{Egypte}},
	url = {https://www.davidrumsey.com/luna/servlet/detail/RUMSEY~8~1~251582~5517469:L-Afrique--L-Egypte-?sort=pub_list_no_initialsort%2Cpub_date%2Cpub_list_no%2Cseries_no},
	urldate = {2020-02-18},
	publisher = {F. Delamarche},
	author = {Delamarche, Felix},
	year = {1847},
	note = {Depicts 1843},
}

@misc{marmocchi_africa_1842,
	address = {Firenze},
	title = {L'{Africa} : {Divisa} nelle sue principali regioni},
	url = {https://www.davidrumsey.com/luna/servlet/detail/RUMSEY~8~1~304678~90075092:L-Africa---Divisa-nelle-sue-princip?sort=pub_list_no_initialsort%2Cpub_date%2Cpub_list_no%2Cseries_no},
	urldate = {2020-02-18},
	publisher = {V. Batelli e Compagni},
	author = {Marmocchi, Francesco Constantino},
	year = {1842},
}

@misc{lizars_composite_1841,
	address = {Edinburgh},
	title = {Composite: {Africa}. {LIII}-{LVI}},
	url = {https://www.davidrumsey.com/luna/servlet/detail/RUMSEY~8~1~299411~90070287:Composite--Africa--LIII-LVI?sort=pub_list_no_initialsort%2Cpub_date%2Cpub_list_no%2Cseries_no},
	urldate = {2020-02-18},
	publisher = {W.H. Lizars},
	author = {Lizars, William Home},
	year = {1841},
}

@misc{sohr_nordostliches_1884,
	address = {Glogau},
	title = {Nordostliches {Afrika} - {David} {Rumsey} {Historical} {Map} {Collection}},
	url = {https://www.davidrumsey.com/luna/servlet/detail/RUMSEY~8~1~299156~90070065:Nordostliches-Afrika?sort=pub_list_no_initialsort%2Cpub_date%2Cpub_list_no%2Cseries_no&qvq=w4s:/when%2F1884;q:world_area%3DAfrica%20AND%20date%3D1790...1920%20;sort:pub_list_no_initialsort%2Cpub_date%2Cpub_list_no%2Cseries_no;lc:RUMSEY~8~1&mi=3&trs=8},
	urldate = {2020-02-16},
	publisher = {Carl Flemming},
	author = {Sohr, Karl and Berghaus, Heinrich and Handtke, Friedrich},
	year = {1884},
}

@misc{sohr_nordwestliches_1884,
	address = {Glogau},
	title = {Nordwestliches {Afrika} - {David} {Rumsey} {Historical} {Map} {Collection}},
	url = {https://www.davidrumsey.com/luna/servlet/detail/RUMSEY~8~1~299155~90070064:Nordwestliches-Afrika?sort=pub_list_no_initialsort%2Cpub_date%2Cpub_list_no%2Cseries_no&qvq=w4s:/when%2F1884;q:world_area%3DAfrica%20AND%20date%3D1790...1920%20;sort:pub_list_no_initialsort%2Cpub_date%2Cpub_list_no%2Cseries_no;lc:RUMSEY~8~1&mi=2&trs=8},
	urldate = {2020-02-16},
	publisher = {Carl Flemming},
	author = {Sohr, Karl and Berghaus, Heinrich and Handtke, Friedrich},
	year = {1884},
}

@misc{mitchell_map_1839,
	address = {Philadelphia},
	title = {Map of {Africa}},
	url = {https://www.davidrumsey.com/luna/servlet/detail/RUMSEY~8~1~1106~100011:Map-of-Africa-?sort=pub_list_no_initialsort%2Cpub_date%2Cpub_list_no%2Cseries_no},
	urldate = {2020-02-13},
	publisher = {Thomas, Cowperthwait  Co.},
	author = {Mitchell, Samuel Augustus},
	year = {1839},
}

@misc{monin_afrique_1839,
	address = {Paris},
	title = {L'{Afrique}},
	url = {https://www.davidrumsey.com/luna/servlet/detail/RUMSEY~8~1~200742~3000493:L-Afrique-?sort=pub_list_no_initialsort%2Cpub_date%2Cpub_list_no%2Cseries_no},
	urldate = {2020-02-13},
	publisher = {Librarie Classique},
	author = {Monin, C.V},
	year = {1839},
}

@misc{stieler_composite_1881,
	address = {Gotha},
	title = {Composite: {Africa}, {No}. 69, 70, 71. - {David} {Rumsey} {Historical} {Map} {Collection}},
	url = {https://www.davidrumsey.com/luna/servlet/detail/RUMSEY~8~1~243415~5513458:Composite--Africa,-No--69,-70,-71-?sort=pub_list_no_initialsort%2Cpub_date%2Cpub_list_no%2Cseries_no&qvq=w4s:/when%2F1881;q:world_area%3DAfrica%20AND%20date%3D1790...1920%20;sort:pub_list_no_initialsort%2Cpub_date%2Cpub_list_no%2Cseries_no;lc:RUMSEY~8~1&mi=7&trs=9},
	urldate = {2020-01-30},
	publisher = {Justus Perthus},
	author = {Stieler, Adolf and Petermann, A.},
	year = {1881},
}

@misc{stieler_nordwest_1881,
	address = {Gotha},
	title = {Nordwest {Afrika} ({Northwest} {Africa}). - {David} {Rumsey} {Historical} {Map} {Collection}},
	url = {https://www.davidrumsey.com/luna/servlet/detail/RUMSEY~8~1~242935~5513229:Nordwest-Afrika--Northwest-Africa--?sort=pub_list_no_initialsort%2Cpub_date%2Cpub_list_no%2Cseries_no&qvq=w4s:/when%2F1879;q:world_area%3DAfrica%20AND%20date%3D1790...1920%20;sort:pub_list_no_initialsort%2Cpub_date%2Cpub_list_no%2Cseries_no;lc:RUMSEY~8~1&mi=2&trs=5},
	urldate = {2020-01-23},
	publisher = {Justus Perthus},
	author = {Stieler, Adolf and Petermann, A.},
	year = {1881},
}

@misc{bradford_northern_1838,
	address = {Boston},
	title = {Northern {Africa}},
	url = {https://www.davidrumsey.com/luna/servlet/detail/RUMSEY~8~1~266027~90040462:Northern-Africa?sort=pub_list_no_initialsort%2Cpub_date%2Cpub_list_no%2Cseries_no},
	urldate = {2020-01-13},
	publisher = {American Stationer's Co.},
	author = {Bradford, Thomas G},
	year = {1838},
}

@misc{vuillemin_nouvelle_1876,
	address = {Paris},
	title = {Nouvelle {Carte} de l'{Afrique} a l'{Usage} des {Ecoles} {Primaires}. - {David} {Rumsey} {Historical} {Map} {Collection}},
	url = {https://www.davidrumsey.com/luna/servlet/detail/RUMSEY~8~1~285147~90057269:Nouvelle-Carte-de-l-Afrique-a-l-Usa?sort=pub_list_no_initialsort%2Cpub_date%2Cpub_list_no%2Cseries_no&qvq=w4s:/when%2F1876;q:world_area%3DAfrica%20AND%20date%3D1790...1920%20;sort:pub_list_no_initialsort%2Cpub_date%2Cpub_list_no%2Cseries_no;lc:RUMSEY~8~1&mi=0&trs=1},
	urldate = {2020-01-09},
	publisher = {A. Logerot},
	author = {Vuillemin, A.},
	year = {1876},
}

@misc{laurie_composite_1800,
	title = {Composite: {Africa}. - {David} {Rumsey} {Historical} {Map} {Collection}},
	url = {https://www.davidrumsey.com/luna/servlet/detail/RUMSEY~8~1~31580~1150059:Composite--Africa-?sort=pub_list_no_initialsort%2Cpub_date%2Cpub_list_no%2Cseries_no&qvq=w4s:/when%2F1800;q:world_area%3D%22africa%22%20;sort:pub_list_no_initialsort%2Cpub_date%2Cpub_list_no%2Cseries_no;lc:RUMSEY~8~1&mi=11&trs=12#},
	urldate = {2020-01-09},
	author = {Laurie, Robert and Whittle, James},
	year = {1800},
}

@misc{mitchell_map_1877,
	address = {Philadelphia},
	title = {Map {Of} {Africa}, {Showing} {Its} {Most} {Recent} {Discoveries} - {David} {Rumsey} {Historical} {Map} {Collection}},
	url = {https://www.davidrumsey.com/luna/servlet/detail/RUMSEY~8~1~255203~5519656:Map-Of-Africa,-Showing-Its-Most-Rec?sort=pub_list_no_initialsort%2Cpub_date%2Cpub_list_no%2Cseries_no&qvq=w4s:/when%2F1877;q:world_area%3DAfrica%20AND%20date%3D1790...1920%20;sort:pub_list_no_initialsort%2Cpub_date%2Cpub_list_no%2Cseries_no;lc:RUMSEY~8~1&mi=0&trs=1},
	urldate = {2020-01-09},
	publisher = {S.A. Mitchell Jr.},
	author = {Mitchell, Samuel Augustus Jr.},
	year = {1877},
}

@misc{stieler_nordost-afrika_1875,
	address = {Gotha},
	title = {Nordost-{Afrika} {Und} {Arabien}. - {David} {Rumsey} {Historical} {Map} {Collection}},
	url = {https://www.davidrumsey.com/luna/servlet/detail/RUMSEY~8~1~288715~240036:Nordost-Afrika-Und-Arabien-?sort=pub_list_no_initialsort%2Cpub_date%2Cpub_list_no%2Cseries_no&qvq=w4s:/when%2F1875;q:world_area%3DAfrica%20AND%20date%3D1790...1920%20;sort:pub_list_no_initialsort%2Cpub_date%2Cpub_list_no%2Cseries_no;lc:RUMSEY~8~1&mi=5&trs=10},
	urldate = {2020-01-06},
	publisher = {Justus Perthes},
	author = {Stieler, Adolf and Petermann, A.},
	year = {1875},
}

@misc{stieler_mittel-_1875,
	address = {Gotha},
	title = {Mittel-\& {Nord}-{Afrika}, {Westl}. {Theil}. - {David} {Rumsey} {Historical} {Map} {Collection}},
	url = {https://www.davidrumsey.com/luna/servlet/detail/RUMSEY~8~1~288714~240035:Mittel-&-Nord-Afrika,-Westl--Theil-?sort=pub_list_no_initialsort%2Cpub_date%2Cpub_list_no%2Cseries_no&qvq=w4s:/when%2F1875;q:world_area%3DAfrica%20AND%20date%3D1790...1920%20;sort:pub_list_no_initialsort%2Cpub_date%2Cpub_list_no%2Cseries_no;lc:RUMSEY~8~1&mi=4&trs=10},
	urldate = {2020-01-06},
	publisher = {Justus Perthes},
	author = {Stieler, Adolf and Stulpnagel, F.v.},
	year = {1875},
}

@misc{sohr_nordostliches_1875,
	address = {Glogau},
	title = {Nordostliches {Afrika} - {David} {Rumsey} {Historical} {Map} {Collection}},
	url = {https://www.davidrumsey.com/luna/servlet/detail/RUMSEY~8~1~304991~90075500:Nordostliches-Afrika?sort=pub_list_no_initialsort%2Cpub_date%2Cpub_list_no%2Cseries_no&qvq=w4s:/when%2F1875;q:world_area%3DAfrica%20AND%20date%3D1790...1920%20;sort:pub_list_no_initialsort%2Cpub_date%2Cpub_list_no%2Cseries_no;lc:RUMSEY~8~1&mi=1&trs=10},
	urldate = {2020-01-06},
	publisher = {Carl Flemming},
	author = {Sohr, Karl and Berghaus, Heinrich and Handtke, Friedrich and Theinert, A. and Hubner, F.},
	year = {1875},
}

@misc{colton_north_1874,
	address = {New York},
	title = {North {Eastern} {Africa}. - {David} {Rumsey} {Historical} {Map} {Collection}},
	url = {https://www.davidrumsey.com/luna/servlet/detail/RUMSEY~8~1~210268~5003911:North-Eastern-Africa-?sort=pub_list_no_initialsort%2Cpub_date%2Cpub_list_no%2Cseries_no&qvq=w4s:/when%2F1874;q:world_area%3DAfrica%20AND%20date%3D1790...1920%20;sort:pub_list_no_initialsort%2Cpub_date%2Cpub_list_no%2Cseries_no;lc:RUMSEY~8~1&mi=3&trs=8},
	urldate = {2020-01-06},
	publisher = {G. W \& C. B. Colton \& Co.},
	author = {Colton, G.W.},
	year = {1874},
}

@misc{johnson_johnsons_1870,
	address = {New York},
	title = {Johnson's {Africa}. (insets) {Map} of {Liberia}; {Delta} of the {Nile}; {Map} of {Cape} {Colony}; {Cape} {Verde} {Islands}; {St}. {Helena}. {Entered} ... 1864.},
	url = {https://www.davidrumsey.com/luna/servlet/detail/RUMSEY~8~1~219519~5504647:Africa-?sort=pub_list_no_initialsort%2Cpub_date%2Cpub_list_no%2Cseries_no&qvq=w4s:/when%2F1870;q:world_area%3DAfrica%20AND%20date%3D1790...1920%20;sort:pub_list_no_initialsort%2Cpub_date%2Cpub_list_no%2Cseries_no;lc:RUMSEY~8~1&mi=0&trs=4},
	urldate = {2019-12-17},
	publisher = {A.J. Johnson},
	author = {Johnson, A.J.},
	year = {1870},
}

@misc{arrowsmith_north_1834,
	address = {London},
	title = {North {Western} {Africa}},
	url = {https://www.davidrumsey.com/luna/servlet/detail/RUMSEY~8~1~33871~1170023:N-W--Africa-?sort=pub_list_no_initialsort%2Cpub_date%2Cpub_list_no%2Cseries_no},
	urldate = {2019-12-09},
	publisher = {John Arrowsmith},
	author = {Arrowsmith, John},
	year = {1834},
}

@misc{colton_north_1869,
	title = {North {Eastern} {Africa}.},
	url = {https://davidrumsey.georeferencer.com/maps/686566493357/},
	abstract = {Africa. North Eastern Sheet. (Inset) Delta of the Nile. Published by G. W \& C. B Colton \& Co. No. 172 William St. New York

Georeferencer is an online tool that assigns geographical location to any image.},
	urldate = {2019-11-13},
	author = {Colton, G. W.},
	year = {1869},
}

@misc{arrowsmith_nubia_1838,
	address = {London},
	title = {Nubia, {Abyssinia}},
	url = {https://www.davidrumsey.com/luna/servlet/detail/RUMSEY~8~1~33873~1170025:Nubia,-Abyssinia-?sort=pub_list_no_initialsort%2Cpub_date%2Cpub_list_no%2Cseries_no},
	urldate = {2019-10-14},
	publisher = {A. Arrowsmith},
	author = {Arrowsmith, Aaron},
	year = {1838},
	note = {Date on map: 1832},
}

@misc{ajayi_historical_1985,
	address = {Harlow},
	title = {Historical atlas of {Africa}},
	isbn = {978-0-582-64335-2},
	language = {eng},
	publisher = {Longman},
	author = {Ajayi, J. F. Ade and Crowder, Michael},
	year = {1985},
	keywords = {historisk; atlas; afrika; Maps; Atlases; Historical geography; Africa},
}

@misc{pinkerton_western_1815,
	address = {London},
	title = {Western {Africa}. - {David} {Rumsey} {Historical} {Map} {Collection}},
	url = {https://www.davidrumsey.com/luna/servlet/detail/RUMSEY~8~1~3836~370028:Western-Africa-?sort=pub_list_no_initialsort%2Cpub_date%2Cpub_list_no%2Cseries_no&qvq=w4s:/when%2F1813;q:world_area%3DAfrica%20AND%20date%3D1790...1920%20;sort:pub_list_no_initialsort%2Cpub_date%2Cpub_list_no%2Cseries_no;lc:RUMSEY~8~1&mi=0&trs=3},
	urldate = {2020-08-07},
	publisher = {Cadell and Davies},
	author = {Pinkerton, John},
	year = {1815},
}

@misc{arrowsmith_west_1804,
	address = {Philadelphia},
	title = {West {Africa}. - {David} {Rumsey} {Historical} {Map} {Collection}},
	url = {https://www.davidrumsey.com/luna/servlet/detail/RUMSEY~8~1~31662~1150138:West-Africa-?sort=pub_list_no_initialsort%2Cpub_date%2Cpub_list_no%2Cseries_no&qvq=w4s:/when%2F1804;q:world_area%3DAfrica%20AND%20date%3D1790...1920%20;sort:pub_list_no_initialsort%2Cpub_date%2Cpub_list_no%2Cseries_no;lc:RUMSEY~8~1&mi=7&trs=10},
	urldate = {2020-08-04},
	publisher = {J. Conrad},
	author = {Arrowsmith, Aaron and Lewis, Samuel},
	year = {1804},
}

@misc{mentelle_xxvii_1804,
	address = {Paris},
	title = {{XXVII}. {Carte} d'{Afrique}. - {David} {Rumsey} {Historical} {Map} {Collection}},
	url = {https://www.davidrumsey.com/luna/servlet/detail/RUMSEY~8~1~289939~90068477:XXVII--Carte-d-Afrique-?sort=pub_list_no_initialsort%2Cpub_date%2Cpub_list_no%2Cseries_no&qvq=w4s:/when%2F1802;q:world_area%3DAfrica%20AND%20date%3D1790...1920%20;sort:pub_list_no_initialsort%2Cpub_date%2Cpub_list_no%2Cseries_no;lc:RUMSEY~8~1&mi=2&trs=3},
	urldate = {2020-06-29},
	publisher = {Edme Mentelle and Malte Brun},
	author = {Mentelle, Edme and Malte-Brun, Conrad},
	year = {1804},
}

@misc{colton_southern_1865,
	address = {New York},
	title = {Southern {Africa}},
	url = {https://www.davidrumsey.com/luna/servlet/detail/RUMSEY~8~1~208878~5003487:Southern-Africa-?sort=Pub_List_No_InitialSort},
	urldate = {2020-06-17},
	publisher = {J. H. Colton},
	author = {Colton, G.W.},
	year = {1865},
}

@misc{wyld_south_1864,
	address = {London},
	title = {South {Africa}},
	url = {https://www.davidrumsey.com/luna/servlet/detail/RUMSEY~8~1~232219~5509218:South-Africa?sort=Pub_List_No_InitialSort},
	urldate = {2020-06-10},
	publisher = {James Wyld},
	author = {Wyld, James},
	year = {1864},
}

@misc{vuillemin_pl_1863,
	address = {Paris},
	title = {Pl. 13. {Nouvelle} {Carte} {Illustree} de l'{Afrique}},
	url = {https://www.davidrumsey.com/luna/servlet/detail/RUMSEY~8~1~320506~90089629:Pl--13--Nouvelle-Carte-Illustree-de?sort=Pub_List_No_InitialSort},
	urldate = {2020-06-04},
	publisher = {Mangeon},
	author = {Vuillemin, Alexandre},
	year = {1863},
	note = {Depicts 1861},
}

@misc{berghaus_senegambien_1855,
	address = {Glogau and Leipzig},
	title = {Senegambien, {Sudan}, {Guinea}},
	url = {https://www.davidrumsey.com/luna/servlet/detail/RUMSEY~8~1~33552~1171044:Senegambien,-Sudan,-Guinea-?sort=Pub_List_No_InitialSort},
	urldate = {2020-05-27},
	publisher = {C. Flemming},
	author = {Berghaus, Heinrich and Flemming, Carl and Sohr, Karl},
	year = {1855},
}

@misc{martin_western_1851,
	address = {New York},
	title = {Western {Africa}},
	url = {https://www.davidrumsey.com/luna/servlet/detail/RUMSEY~8~1~296042~90067480:Western-Africa-?sort=pub_list_no_initialsort%2Cpub_date%2Cpub_list_no%2Cseries_no},
	urldate = {2020-04-02},
	publisher = {J. \& F. Tallis},
	author = {Martin, R.M. and Tallis, J. F.},
	year = {1851},
}

@misc{andree_south_1900,
	address = {London},
	title = {South {Africa} - {David} {Rumsey} {Historical} {Map} {Collection}},
	url = {https://www.davidrumsey.com/luna/servlet/detail/RUMSEY~8~1~253879~5519262:South-Africa?sort=pub_list_no_initialsort%2Cpub_date%2Cpub_list_no%2Cseries_no&qvq=w4s:/when%2F1900;q:world_area%3DAfrica%20AND%20date%3D1790...1920%20;sort:pub_list_no_initialsort%2Cpub_date%2Cpub_list_no%2Cseries_no;lc:RUMSEY~8~1&mi=2&trs=8},
	urldate = {2020-02-25},
	publisher = {The Office of The Times},
	author = {Andree, Richard and {Times (London, England)}},
	year = {1900},
}

@misc{arrowsmith_west_1844,
	address = {London},
	title = {The {West} {Coast} of {Africa}},
	url = {https://www.davidrumsey.com/luna/servlet/detail/RUMSEY~8~1~2768~270041:The-West-Coast-of-Africa-?sort=pub_list_no_initialsort%2Cpub_date%2Cpub_list_no%2Cseries_no},
	urldate = {2020-02-20},
	publisher = {John Arrowsmith},
	author = {Arrowsmith, John},
	year = {1844},
}

@misc{arrowsmith_river_1844,
	address = {London},
	title = {The {River} {Niger}},
	url = {https://www.davidrumsey.com/luna/servlet/detail/RUMSEY~8~1~2769~270042:The-River-Niger-?sort=pub_list_no_initialsort%2Cpub_date%2Cpub_list_no%2Cseries_no},
	urldate = {2020-02-20},
	publisher = {John Arrowsmith},
	author = {Arrowsmith, John},
	year = {1844},
}

@misc{colton_southern_1886,
	address = {New York},
	title = {Southern {Africa}. - {David} {Rumsey} {Historical} {Map} {Collection}},
	url = {https://www.davidrumsey.com/luna/servlet/detail/RUMSEY~8~1~209922~5003710:Southern-Africa-?sort=pub_list_no_initialsort%2Cpub_date%2Cpub_list_no%2Cseries_no&qvq=w4s:/when%2F1886;q:world_area%3DAfrica%20AND%20date%3D1790...1920%20;sort:pub_list_no_initialsort%2Cpub_date%2Cpub_list_no%2Cseries_no;lc:RUMSEY~8~1&mi=5&trs=13},
	urldate = {2020-02-20},
	publisher = {G. W \& C. B. Colton \& Co.},
	author = {Colton, G.W.},
	year = {1886},
}

@misc{colton_west_1886,
	address = {New York},
	title = {West {Africa}. - {David} {Rumsey} {Historical} {Map} {Collection}},
	url = {https://www.davidrumsey.com/luna/servlet/detail/RUMSEY~8~1~209916~5003709:West-Africa-?sort=pub_list_no_initialsort%2Cpub_date%2Cpub_list_no%2Cseries_no&qvq=w4s:/when%2F1886;q:world_area%3DAfrica%20AND%20date%3D1790...1920%20;sort:pub_list_no_initialsort%2Cpub_date%2Cpub_list_no%2Cseries_no;lc:RUMSEY~8~1&mi=4&trs=13},
	urldate = {2020-02-20},
	publisher = {G. W \& C. B. Colton \& Co.},
	author = {Colton, G.W.},
	year = {1886},
}

@misc{sohr_suedliches_1884,
	address = {Glogau},
	title = {Suedliches {Afrika} - {David} {Rumsey} {Historical} {Map} {Collection}},
	url = {https://www.davidrumsey.com/luna/servlet/detail/RUMSEY~8~1~299157~90070066:Suedliches-Afrika?sort=pub_list_no_initialsort%2Cpub_date%2Cpub_list_no%2Cseries_no&qvq=w4s:/when%2F1884;q:world_area%3DAfrica%20AND%20date%3D1790...1920%20;sort:pub_list_no_initialsort%2Cpub_date%2Cpub_list_no%2Cseries_no;lc:RUMSEY~8~1&mi=4&trs=8},
	urldate = {2020-02-16},
	publisher = {Carl Flemming},
	author = {Sohr, Karl and Berghaus, Heinrich and Handtke, Friedrich},
	year = {1884},
}

@misc{diercke_s17_1883,
	address = {Braunschweig},
	title = {S17. {Afrika}, {Politisch}. - {David} {Rumsey} {Historical} {Map} {Collection}},
	url = {https://www.davidrumsey.com/luna/servlet/detail/RUMSEY~8~1~311899~90081569:S17--Afrika,-Politisch-?sort=pub_list_no_initialsort%2Cpub_date%2Cpub_list_no%2Cseries_no&qvq=w4s:/when%2F1883;q:world_area%3DAfrica%20AND%20date%3D1790...1920%20;sort:pub_list_no_initialsort%2Cpub_date%2Cpub_list_no%2Cseries_no;lc:RUMSEY~8~1&mi=2&trs=4},
	urldate = {2020-02-06},
	publisher = {George Westermann},
	author = {Diercke, Carl and Gaebler, Eduard},
	year = {1883},
}

@misc{cram_southern_1897,
	address = {Chicago},
	title = {Southern {Africa}. - {David} {Rumsey} {Historical} {Map} {Collection}},
	url = {https://www.davidrumsey.com/luna/servlet/detail/RUMSEY~8~1~268054~90042329:Southern-Africa-?sort=pub_list_no_initialsort%2Cpub_date%2Cpub_list_no%2Cseries_no&qvq=w4s:/when%2F1882;q:world_area%3DAfrica%20AND%20date%3D1790...1920%20;sort:pub_list_no_initialsort%2Cpub_date%2Cpub_list_no%2Cseries_no;lc:RUMSEY~8~1&mi=4&trs=7},
	urldate = {2020-02-06},
	publisher = {Cram, George Franklin},
	author = {Cram, George Franklin},
	year = {1897},
}

@misc{blackie_south_1882,
	address = {London},
	title = {South {Africa}. - {David} {Rumsey} {Historical} {Map} {Collection}},
	url = {https://www.davidrumsey.com/luna/servlet/detail/RUMSEY~8~1~272646~90046420:South-Africa-?sort=pub_list_no_initialsort%2Cpub_date%2Cpub_list_no%2Cseries_no&qvq=w4s:/when%2F1882;q:world_area%3DAfrica%20AND%20date%3D1790...1920%20;sort:pub_list_no_initialsort%2Cpub_date%2Cpub_list_no%2Cseries_no;lc:RUMSEY~8~1&mi=3&trs=7},
	urldate = {2020-02-06},
	publisher = {Blackie \& Son},
	author = {Blackie, W.G.},
	year = {1882},
}

@misc{blackie_western_1882,
	address = {London},
	title = {Western {Africa}. - {David} {Rumsey} {Historical} {Map} {Collection}},
	url = {https://www.davidrumsey.com/luna/servlet/detail/RUMSEY~8~1~272645~90046421:Western-Africa-?sort=pub_list_no_initialsort%2Cpub_date%2Cpub_list_no%2Cseries_no&qvq=w4s:/when%2F1882;q:world_area%3DAfrica%20AND%20date%3D1790...1920%20;sort:pub_list_no_initialsort%2Cpub_date%2Cpub_list_no%2Cseries_no;lc:RUMSEY~8~1&mi=2&trs=7},
	urldate = {2020-02-06},
	publisher = {Blackie \& Son},
	author = {Blackie, W.G.},
	year = {1882},
}

@misc{duval_tableau_1835,
	address = {Paris},
	title = {Tableau l'historie de '{Afrique}},
	url = {https://www.davidrumsey.com/luna/servlet/detail/RUMSEY~8~1~37147~1210101:Tableau-l-historie-de--Afrique-?sort=pub_list_no_initialsort%2Cpub_date%2Cpub_list_no%2Cseries_no},
	urldate = {2020-01-09},
	publisher = {L. Houbloup},
	author = {Duval, Henri},
	year = {1835},
	note = {Depicts 1834},
}

@misc{sohr_sudliches_1875,
	address = {Glogau},
	title = {Sudliches {Afrika} - {David} {Rumsey} {Historical} {Map} {Collection}},
	url = {https://www.davidrumsey.com/luna/servlet/detail/RUMSEY~8~1~304992~90075499:Sudliches-Afrika?sort=pub_list_no_initialsort%2Cpub_date%2Cpub_list_no%2Cseries_no&qvq=w4s:/when%2F1875;q:world_area%3DAfrica%20AND%20date%3D1790...1920%20;sort:pub_list_no_initialsort%2Cpub_date%2Cpub_list_no%2Cseries_no;lc:RUMSEY~8~1&mi=2&trs=10},
	urldate = {2020-01-09},
	publisher = {Carl Flemming},
	author = {Sohr, Karl and Berghaus, Heinrich and Handtke, Friedrich and Theinert, A. and Hubner, F.},
	year = {1875},
}

@misc{stieler_sud-afrika_1875,
	address = {Gotha},
	title = {Sud-{Afrika} \& {Madagaskar}. - {David} {Rumsey} {Historical} {Map} {Collection}},
	url = {https://www.davidrumsey.com/luna/servlet/detail/RUMSEY~8~1~288716~240037:Sud-Afrika-&-Madagaskar-?sort=pub_list_no_initialsort%2Cpub_date%2Cpub_list_no%2Cseries_no&qvq=w4s:/when%2F1875;q:world_area%3DAfrica%20AND%20date%3D1790...1920%20;sort:pub_list_no_initialsort%2Cpub_date%2Cpub_list_no%2Cseries_no;lc:RUMSEY~8~1&mi=6&trs=10},
	urldate = {2020-01-06},
	publisher = {Justus Perthes},
	author = {Stieler, Adolf and Petermann, A.},
	year = {1875},
}

@misc{colton_west_1874,
	address = {New York},
	title = {West {Africa}. - {David} {Rumsey} {Historical} {Map} {Collection}},
	url = {https://www.davidrumsey.com/luna/servlet/detail/RUMSEY~8~1~210276~5003912:West-Africa-?sort=pub_list_no_initialsort%2Cpub_date%2Cpub_list_no%2Cseries_no&qvq=w4s:/when%2F1874;q:world_area%3DAfrica%20AND%20date%3D1790...1920%20;sort:pub_list_no_initialsort%2Cpub_date%2Cpub_list_no%2Cseries_no;lc:RUMSEY~8~1&mi=4&trs=8},
	urldate = {2020-01-06},
	publisher = {G. W \& C. B. Colton \& Co.},
	author = {Colton, G.W.},
	year = {1874},
}

@misc{heck_partie_1834,
	address = {Paris},
	title = {Partie {Medridionale} de l'{Afrique}},
	url = {https://www.davidrumsey.com/luna/servlet/detail/RUMSEY~8~1~291439~90062766:54--Partie-Medridionale-de-l-Afriqu?sort=pub_list_no_initialsort%2Cpub_date%2Cpub_list_no%2Cseries_no},
	urldate = {2019-12-13},
	publisher = {Engelmann \& Compagnie, S.F.},
	author = {Heck, Johann Georg},
	year = {1834},
}

@misc{heck_partie_1834-1,
	address = {Paris},
	title = {Partie {Septentrionale} de l'{Afrique}. - {David} {Rumsey} {Historical} {Map} {Collection}},
	url = {https://www.davidrumsey.com/luna/servlet/detail/RUMSEY~8~1~291438~90062765:53--Partie-Septentrionale-de-l-Afri?sort=pub_list_no_initialsort%2Cpub_date%2Cpub_list_no%2Cseries_no},
	urldate = {2019-12-11},
	publisher = {Engelmann \& Compagnie, S.F.},
	author = {Heck, Johann Georg},
	year = {1834},
}

@misc{colton_southern_1869,
	title = {Southern {Africa}.},
	url = {https://davidrumsey.georeferencer.com/maps/779261410997/},
	abstract = {Colton's Africa Southern Sheet. Published by G. W \& C. B. Colton \& Co.  No. 172 William St. New York. 

Georeferencer is an online tool that assigns geographical location to any image.},
	urldate = {2019-11-13},
	author = {Colton, G. W.},
	year = {1869},
}

@misc{colton_west_1869,
	title = {West {Africa}.},
	url = {https://davidrumsey.georeferencer.com/maps/742800360135/},
	abstract = {Africa. North Western Sheet. (Inset) Liberia. Published by G. W \& C. B. Colton \& Co. No. 172 William St. New York

Georeferencer is an online tool that assigns geographical location to any image.},
	urldate = {2019-11-13},
	author = {Colton, G. W.},
	year = {1869},
}

@book{mcevedy_penguin_1995,
	title = {The {Penguin} atlas of {African} history (revised edition)},
	publisher = {Penguin Reference},
	author = {McEvedy, C.},
	year = {1995},
}

@book{mcevedy_penguin_1980,
	title = {The {Penguin} atlas of {African} history},
	publisher = {Penguin Books Hong Kong},
	author = {McEvedy, Colin},
	year = {1980},
}

@book{Kasule1998,
	address = {New York},
	edition = {1 edition},
	title = {The {History} {Atlas} of {Africa} : {From} the {First} {Humans} to the {Emergence} of a {New} {South} {Africa}},
	isbn = {978-0-02-862580-5},
	shorttitle = {The {History} {Atlas} of {Africa}},
	abstract = {Traces the region's earliest settlers, explores the development of societies, and describes how internal and external politics have changed the borders within Africa},
	language = {English},
	publisher = {Macmillan General Reference},
	author = {Kasule, Samuel},
	month = jun,
	year = {1998},
}

@misc{gailey_history_1967,
	address = {Chicago},
	title = {The history of {Africa} in maps},
	language = {eng},
	publisher = {Denoyer-Geppprt Co},
	author = {Gailey, Harry A.},
	year = {1967},
	keywords = {Africa, Historical geography Maps; Afrika; 1900-tallet},
}

@misc{habenicht_spezial-karte_1885,
	address = {Paris},
	title = {Spezial-{Karte} von {Afrika}. {Sheets} 1-10 \& {Suppl}. {I}-{II}},
	url = {https://www.davidrumsey.com/luna/servlet/detail/RUMSEY~8~1~317161~90086034:Composite-Map--Spezial-Karte-von-Af?sort=pub_list_no_initialsort%2Cpub_date%2Cpub_list_no%2Cseries_no#},
	urldate = {2019-10-09},
	publisher = {Justus Perthes},
	author = {Habenicht, Hermann},
	year = {1885},
}

@book{huntingford_galla_1969,
	address = {London},
	edition = {Repr. with supplementary bibliography.},
	series = {Ethnographic survey of {Africa}},
	title = {The {Galla} of {Ethiopia} ; {The} kingdoms of {Kafa} and {Janjero}},
	volume = {2},
	abstract = {Huntingford, G. W. B. The kingdoms of Kafa and Janjero},
	language = {eng},
	publisher = {International African Institute},
	author = {Huntingford, G. W. B.},
	year = {1969},
	keywords = {sosialantropologi; antropologi; etnografi; etiopia; social; anthropology; ethnography; galla; kafa; janjero},
}

@book{oliver_cambridge_1985,
	address = {Cambridge},
	title = {The {Cambridge} history of {Africa}: 6 : {From} 1870 to 1905},
	volume = {6},
	isbn = {978-0-521-22803-9},
	shorttitle = {The {Cambridge} history of {Africa}},
	language = {eng},
	publisher = {University Press},
	author = {Oliver, Roland and Sanderson, G. N. and Fage, J. D.},
	year = {1985},
	keywords = {Afrika, Historie, Historie; afrika; historie; Afrika},
}

@book{flint_cambridge_1976,
	address = {Cambridge},
	title = {The {Cambridge} history of {Africa}: 5 : {From} c. 1790 to c. 1870},
	volume = {5},
	isbn = {978-0-521-20701-0},
	shorttitle = {The {Cambridge} history of {Africa}},
	language = {eng},
	publisher = {University Press},
	author = {Flint, John E. and Fage, J. D. and Oliver, Roland},
	year = {1976},
	keywords = {Afrika, Historie; afrika; historie},
}

@book{pankhurst_ethiopian_1997,
	address = {Lawrenceville, N.J},
	title = {The {Ethiopian} borderlands: essays in regional history from ancient times to the end of the 18th century},
	isbn = {978-0-932415-18-9},
	shorttitle = {The {Ethiopian} borderlands},
	language = {eng},
	publisher = {Red Sea Press},
	author = {Pankhurst, Richard},
	year = {1997},
	keywords = {1490-1889; etiopia; historie; eldre, Ethiopia, History, To 1490; Ethiopia},
}

@article{orent_refocusing_1970,
	title = {Refocusing on the {History} of {Kafa} prior to 1897: {A} {Discussion} of {Political} {Processes}},
	volume = {3},
	issn = {0001-9992},
	shorttitle = {Refocusing on the {History} of {Kafa} prior to 1897},
	url = {https://www.jstor.org/stable/216217},
	doi = {10.2307/216217},
	number = {2},
	urldate = {2019-10-04},
	journal = {African Historical Studies},
	author = {Orent, Amnon},
	year = {1970},
	note = {Citation Key Alias: Orent1970a},
	pages = {263--293},
}
