@misc{Tanner1833,
  title = {Africa.},
  author = {Tanner, Henry S.},
  date = {1833},
  publisher = {Henry Tanner},
  address = {Philadelphia},
  url = {https://www.davidrumsey.com/luna/servlet/detail/RUMSEY~8~1~238921~5512155:Africa-?sort=Pub_List_No_InitialSort}
}

@misc{Heck1834,
  title = {53.Partie Septentrionale de l'Afrique.},
  author = {Heck, Johann Georg},
  date = {1834},
  publisher = {Engelmann & Compagnie, S.F.},
  address = {Paris},
  url = {https://www.davidrumsey.com/luna/servlet/detail/RUMSEY~8~1~291438~90062765:53--Partie-Septentrionale-de-l-Afri?sort=Pub_List_No_InitialSort}
}

@misc{Adams1832,
  title = {Africa.},
  author = {Adams, Daniel},
  date = {1832},
  publisher = {Lincoln & Edmands},
  address = {Boston},
  url = {https://www.davidrumsey.com/luna/servlet/detail/RUMSEY~8~1~28019~1120162:Africa-?sort=Pub_List_No_InitialSort}
}

@misc{Dower1832,
  title = {Africa.},
  author = {Dower, John and Higgins, W.M.},
  date = {1832},
  publisher = {W.S. Orr Chambers, W. & R.},
  address = {Edinburgh},
  url = {https://www.davidrumsey.com/luna/servlet/detail/RUMSEY~8~1~252135~5517691:Africa-?sort=Pub_List_No_InitialSort}
}

@misc{Arrowsmith1832,
  title = {Map of Africa},
  author = {Arrowsmith, Aaron},
  date = {1832},
  publisher = {S. & A. Arrowsmith},
  address = {London},
  url = {https://www.davidrumsey.com/luna/servlet/detail/RUMSEY~8~1~310784~90080556:Composite-Map--Map-of-Africa---Shee?sort=Pub_List_No_InitialSort}
}

@misc{Arrowsmith1832,
  title = {Map},
  author = {Arrowsmith, Aaron},
  date = {1832},
  publisher = {S. & A. Arrowsmith},
  address = {London},
  url = {https://www.davidrumsey.com/luna/servlet/detail/RUMSEY~8~1~310781~90080550:Map-of-Africa---Sheet-1-of-4?sort=Pub_List_No_InitialSort}
}

@misc{Finley1831,
  title = {Africa.},
  author = {Finley, Anthony},
  date = {1831},
  publisher = {Anthony Finley},
  address = {Philadelphia},
  url = {https://www.davidrumsey.com/luna/servlet/detail/RUMSEY~8~1~516~60058:Africa-?sort=Pub_List_No_InitialSort}
}

@misc{Lizars1831,
  title = {Africa},
  author = {Lizars, Daniel},
  date = {1831},
  publisher = {John Hamilton W. Curry, Jun. & Co. Whittaker, Treacher & Co.},
  address = {Edinburgh},
  url = {https://www.davidrumsey.com/luna/servlet/detail/RUMSEY~8~1~31330~1150583:Africa--S-sheets-?sort=Pub_List_No_InitialSort}
}

@misc{Lizars1831a,
  title = {North Africa},
  author = {Lizars, Daniel},
  date = {1831},
  publisher = {John Hamilton W. Curry, Jun. & Co. Whittaker, Treacher & Co.},
  address = {Edinburgh},
  url = {https://www.davidrumsey.com/luna/servlet/detail/RUMSEY~8~1~31340~1150584:-Africa-N-sheets-?sort=Pub_List_No_InitialSort}
}

@misc{Lapie1833,
  title = {Afrique.},
  author = {Lapie, Alexandre Emile and Lapie, M. (Pierre)},
  date = {1833},
  publisher = {Eymery Fruger et Cie},
  address = {Paris},
  url = {https://www.davidrumsey.com/luna/servlet/detail/RUMSEY~8~1~28703~1120940:Afrique-?sort=Pub_List_No_InitialSort&qvq=w4s:/where0.000000Africa0.000000when0.0000001831;sort:Pub_List_No_InitialSort;lc:RUMSEY~8~1&mi=5&trs=8}
}

@misc{Fenner1830,
  title = {Africa.},
  author = {Fenner, Rest.},
  date = {1830},
  publisher = {Robert Jennings},
  address = {London},
  url = {https://www.davidrumsey.com/luna/servlet/detail/RUMSEY~8~1~285726~90058241:Africa-?sort=Pub_List_No_InitialSort}
}

@misc{Huntington1832,
  title = {Africa},
  author = {Huntington, Francis Junius and Huntington, Hezekiah},
  date = {1832},
  publisher = {F.J. Huntington},
  address = {Hartford},
  url = {https://www.davidrumsey.com/luna/servlet/detail/RUMSEY~8~1~28638~1120516:Africa-?sort=Pub_List_No_InitialSort}
}

@misc{Andriveau1830,
  title = {Carte physique et politique de l'Afrique},
  author = {Andriveau-Goujon, J. and Brue, Adrien Hubert},
  date = {1830},
  publisher = {J. Andriveau-Goujon},
  address = {Paris},
  url = {https://www.davidrumsey.com/luna/servlet/detail/RUMSEY~8~1~279640~90052844:Carte-physique-et-politique-de-l-Af?sort=Pub_List_No_InitialSort}
}

@misc{Schlieben1830,
  title = {Africa},
  author = {Schlieben, Wilhelm Ernst August von},
  date = {1830},
  publisher = {Georg Joachim Goeschen},
  address = {Leipzig},
  url = {https://www.davidrumsey.com/luna/servlet/detail/RUMSEY~8~1~301063~90071799:Africa-?sort=Pub_List_No_InitialSort}
}

@misc{Cummings1829,
  title = {Africa},
  author = {Cummings, Jacob Abbot},
  date = {1829},
  publisher = {Collins & Hannay},
  address = {New York},
  url = {https://www.davidrumsey.com/luna/servlet/detail/RUMSEY~8~1~29362~112096:Africa-?sort=Pub_List_No_InitialSort}
}

@misc{Hall1829,
  title = {Africa},
  author = {Hall, Sidney},
  date = {1829},
  publisher = {Longman, Rees, Orme, Brown and Green},
  address = {London},
  url = {https://www.davidrumsey.com/luna/servlet/detail/RUMSEY~8~1~21815~670048:Africa-?sort=Pub_List_No_InitialSort}
}

@misc{Robinson1829,
  title = {Africa.},
  author = {Robinson, D.F. and Olney, Jesse},
  date = {1837},
  publisher = {Robinson, Pratt & Co.},
  address = {New York},
  url = {https://www.davidrumsey.com/luna/servlet/detail/RUMSEY~8~1~28831~1120619:Africa-?sort=Pub_List_No_InitialSort}
}

@misc{Stieler1833,
  title = {Afrika},
  author = {Stieler, Adolf},
  date = {1833},
  publisher = {Justus Perthes},
  address = {Gotha},
  url = {https://www.davidrumsey.com/luna/servlet/detail/RUMSEY~8~1~242533~5513081:Afrika,-1828?sort=Pub_List_No_InitialSort}
}

@misc{Woodbridge1828,
  title = {Africa},
  author = {Woodbridge, William C.},
  date = {1828},
  publisher = {Geo. B. Whittaker},
  address = {London},
  url = {https://www.davidrumsey.com/luna/servlet/detail/RUMSEY~8~1~219046~5504430:Africa?sort=Pub_List_No_InitialSort}
}

@misc{Brue1828,
  title = {Senegambie, Soudan, Guinee Septentrionale},
  author = {Brué, Adrien Hubert},
  date = {1828},
  publisher = {A. Brué},
  address = {Paris},
  url = {https://www.davidrumsey.com/luna/servlet/detail/RUMSEY~8~1~33958~1170110:Senegambie,-Soudan,-Guinee-Septentr?sort=Pub_List_No_InitialSort}
}

@misc{Brue1828a,
  title = {L'Afrique, et des îles qui en dependent},
  author = {Brue, Adrien Hubert},
  date = {1828},
  publisher = {A. Brue},
  address = {Paris},
  url = {https://www.davidrumsey.com/luna/servlet/detail/RUMSEY~8~1~33953~1170106:Afrique,-septentrionale-?sort=Pub_List_No_InitialSort}
}

@misc{Arrowsmith1828,
  title = {Africa},
  author = {Arrowsmith, Aaron Jr.},
  date = {1828},
  publisher = {A. Arrowsmith},
  address = {London},
  url = {https://www.davidrumsey.com/luna/servlet/detail/RUMSEY~8~1~251613~5517376:Africa?sort=Pub_List_No_InitialSort&qvq=w4s:/where0.000000Africa0.000000when0.0000001828;sort:Pub_List_No_InitialSort;lc:RUMSEY~8~1&mi=0&trs=11}
}

@misc{Vivien1827,
  title = {Carte Generale de l'Afrique},
  author = {Vivien de St Martin, L.},
  date = {1827},
  publisher = {Vivien de St Martin, L.},
  address = {Paris},
  url = {https://www.davidrumsey.com/luna/servlet/detail/RUMSEY~8~1~38064~1211081:Carte-Generale-de-l-Afrique-?sort=Pub_List_No_InitialSort}
}

@misc{Stein1827,
  title = {Afrika},
  author = {Stein, C.G.D.},
  date = {1827},
  publisher = {J.C. Hinrichs},
  address = {Leipzig},
  url = {https://www.davidrumsey.com/luna/servlet/detail/RUMSEY~8~1~249493~5516527:Afrika?sort=Pub_List_No_InitialSort}
}

@misc{Vandermaelen1827,
  title =  {Carte d'assemblage de l'Afrique},
  author = {Vandermaelen, Philippe},
  date = {1827},
  publisher = {Ph. Vandermaelen},
  address = {Bruxelles},
  url = {https://www.davidrumsey.com/luna/servlet/detail/RUMSEY~8~1~25177~5500038:Carte-d-assemblage-de-l-Afrique-?sort=Pub_List_No_InitialSort}
}

@misc{Finley1827,
  title = {Africa},
  author = {Finley, Anthony},
  date = {1827},
  publisher = {Anthony Finley},
  address = {Philadelphia},
  url = {https://www.davidrumsey.com/luna/servlet/detail/RUMSEY~8~1~296685~90068066:Africa?sort=Pub_List_No_InitialSort&qvq=w4s:/where0.000000Africa0.000000when0.0000001827;sort:Pub_List_No_InitialSort;lc:RUMSEY~8~1&mi=0&trs=9}
}

@misc{Tanner1826,
  title = {Africa.},
  author = {Tanner, Henry Schenck},
  date = {1826},
  publisher = {Henry Schenck Tanner},
  address = {Philadelphia},
  url = {https://www.davidrumsey.com/luna/servlet/detail/RUMSEY~8~1~287202~90059483:Africa-?sort=Pub_List_No_InitialSort}
}

@misc{Delamarche1826,
  title = {Afrique},
  author = {Delamarche, Felix},
  date = {1826},
  publisher = {F. Delamarche},
  address = {Paris},
  url = {https://www.davidrumsey.com/luna/servlet/detail/RUMSEY~8~1~250541~5517110:Afrique-Divisee-en-ses-principaux-E?sort=Pub_List_No_InitialSort}
}

@misc{Ruhle1825,
  title = {Africa.},
  author = {Ruhle von Lilienstern, August},
  date = {1825},
  publisher = {C.G. Luderitz},
  address = {Berlin},
  url = {https://www.davidrumsey.com/luna/servlet/detail/RUMSEY~8~1~227682~5507413:Africa--Berlin-1824--von-R-v-L-?sort=Pub_List_No_InitialSort}
}

@misc{Tanner1825,
  title = {Africa.},
  author = {Tanner, Henry S.},
  date = {1825},
  publisher = {Henry Tanner},
  address = {Philadelphia},
  url = {https://www.davidrumsey.com/luna/servlet/detail/RUMSEY~8~1~26018~1100421:Africa-?sort=Pub_List_No_InitialSort}
}

@misc{Arrowsmith1825,
  title = {Africa},
  author = {Arrowsmith, Aaron Jr.},
  date = {1825},
  publisher = {A. & S. Arrowsmith},
  address = {London},
  url = {https://www.davidrumsey.com/luna/servlet/detail/RUMSEY~8~1~233957~5509783:Africa?sort=Pub_List_No_InitialSort}
}

@misc{Stieler1825,
  title = {Africa},
  author = {Stieler, Adolf},
  date = {1825},
  publisher = {Palblad & Co.},
  address = {Upsala},
  url = {https://www.davidrumsey.com/luna/servlet/detail/RUMSEY~8~1~325680~90094576:XVIII--Africa?sort=Pub_List_No_InitialSort}
}

@misc{Carey1825,
  title = {Africa},
  author = {Carey, Mathew},
  date = {1825},
  publisher = {Carey & Lea},
  address = {Philadelphia},
  url = {https://www.davidrumsey.com/luna/servlet/detail/RUMSEY~8~1~28031~1120174:Africa-?sort=Pub_List_No_InitialSort}
}

@misc{Thomson1824,
  title = {Africa},
  author = {Thomson, John and Wyld, James},
  date = {1824},
  publisher = {John Thomson},
  address = {Edinburgh},
  url = {https://www.davidrumsey.com/luna/servlet/detail/RUMSEY~8~1~225838~5506501:Africa?sort=Pub_List_No_InitialSort}
}

@misc{Finley1824,
  title = {Africa.},
  author = {Finley, Anthony},
  date = {1824},
  publisher = {Anthony Finley},
  address = {Philadelphia},
  url = {https://www.davidrumsey.com/luna/servlet/detail/RUMSEY~8~1~203896~3002130:Africa-?sort=Pub_List_No_InitialSort}
}

@misc{Selves1823,
  title = {Carte de l'Afrique},
  author = {Selves, Henry Antoine Auguste}, 
  date = {1823},
  publisher = {Selves Fils},
  address = {Paris},
  url = {https://www.davidrumsey.com/luna/servlet/detail/RUMSEY~8~1~314385~90083198:Carte-de-l-Afrique?sort=Pub_List_No_InitialSort}
}

@misc{Lucas1823,
  title = {Africa.},
  author = {Lucas, Fielding Jr.},
  date = {1823},
  publisher = {Fielding Lucas Jr.},
  address = {Baltimore},
  url = {https://www.davidrumsey.com/luna/servlet/detail/RUMSEY~8~1~42~10104:Africa-?sort=Pub_List_No_InitialSort}
}

@misc{Woodbridge1821,
  title = {Africa.},
  author = {Woodbridge, William C. and Willard, Emma},
  date = {1821},
  publisher = {Oliver D. Cooke & Sons},
  address = {Hartford},
  url = {https://www.davidrumsey.com/luna/servlet/detail/RUMSEY~8~1~306056~90076142:Africa-?sort=Pub_List_No_InitialSort}
}

@misc{Carey1822,
  title = {Africa},
  author = {Carey, Henry Charles and Lea, Isaac},
  date = {1822},
  publisher = {H.C. Carey & I. Lea},
  address = {Philadelphia},
  url = {https://www.davidrumsey.com/luna/servlet/detail/RUMSEY~8~1~248786~5515806:Africa?sort=Pub_List_No_InitialSort}
}

@misc{Reichard1822,
  title = {Nord Africa},
  author = {Reichard, C. G.},
  date = {1822},
  publisher = {Friedrich Campe.},
  address = {Nurnberg},
  url = {https://www.davidrumsey.com/luna/servlet/detail/RUMSEY~8~1~33037~1170400:Nord-Africa-?sort=Pub_List_No_InitialSort}
}

@misc{Reichard1822a,
  title = {Africa},
  author = {Reichard, C. G.},
  date = {1822},
  publisher = {Friedrich Campe.},
  address = {Nurnberg},
  url = {https://www.davidrumsey.com/luna/servlet/detail/RUMSEY~8~1~33020~1170383:Africa-?sort=Pub_List_No_InitialSort}
}

@misc{Stieler1833a,
  title = {Afrika},
  author = {Stieler, Adolf},
  date = {1833},
  publisher = {Justus Perthes},
  address = {Gotha},
  url = {https://www.davidrumsey.com/luna/servlet/detail/RUMSEY~8~1~242531~5513080:Afrika,-1820?sort=Pub_List_No_InitialSort}
}

@misc{Melish1820,
  title = {Africa.},
  author = {Melish, John},
  date = {1820},
  publisher = {John Melish},
  address = {Philadelphia},
  url = {https://www.davidrumsey.com/luna/servlet/detail/RUMSEY~8~1~1086~100088:Africa-?sort=Pub_List_No_InitialSort}
}

@misc{Carey1820,
  title = {Africa},
  author = {Carey, Mathew},
  date = {1820},
  publisher = {M. Carey & Son},
  address = {Philadelphia},
  url = {https://www.davidrumsey.com/luna/servlet/detail/RUMSEY~8~1~28905~112028:Africa-?sort=Pub_List_No_InitialSort}
}

@misc{Rees1820,
  title = {Africa},
  author = {Rees, Abraham and Harrison},
  date = {1820},
  publisher = {Bradford, Murray & Fairman},
  address = {Philadelphia},
  url = {https://www.davidrumsey.com/luna/servlet/detail/RUMSEY~8~1~321346~90090258:Africa?sort=Pub_List_No_InitialSort}
}

@misc{Faden1819,
  title = {Barbary},
  author = {Faden, William},
  date = {1819},
  publisher = {Wm. Faden},
  address = {London},
  url = {https://www.davidrumsey.com/luna/servlet/detail/RUMSEY~8~1~318373~90087225:Barbary-including-Marocco,-Algier,-?sort=Pub_List_No_InitialSort}
}

@misc{Adams1819,
  title = {Africa.},
  author = {Adams, Daniel},
  date = {1819},
  publisher = {Lincoln & Edmands},
  address = {Boston},
  url = {https://www.davidrumsey.com/luna/servlet/detail/RUMSEY~8~1~28009~1120152:Africa-?sort=Pub_List_No_InitialSort}
}

@misc{Carey1818,
  title = {Africa.},
  author = {Carey, Mathew},
  date = {1818},
  publisher = {M. Carey and Son},
  address = {Philadelphia},
  url = {https://www.davidrumsey.com/luna/servlet/detail/RUMSEY~8~1~207434~3003044:Africa-?sort=Pub_List_No_InitialSort&qvq=w4s:/where0.000000Africa0.000000when0.0000001818;sort:Pub_List_No_InitialSort;lc:RUMSEY~8~1&mi=0&trs=1}
}

@misc{Kirkwood1817,
  title = {Africa.},
  author = {Kirkwood, Robert},
  date = {1817},
  publisher = {Robert Kirkwood John Smith & Son},
  address = {Glasgow},
  url = {https://www.davidrumsey.com/luna/servlet/detail/RUMSEY~8~1~241350~5512569:Africa-?sort=Pub_List_No_InitialSort}
}

@misc{Thomson1817,
  title = {Africa.},
  author = {Thomson, John},
  date = {1817},
  publisher = {Baldwin, Cradock, and Joy},
  address = {London},
  url = {https://www.davidrumsey.com/luna/servlet/detail/RUMSEY~8~1~28371~1120800:Africa-?sort=Pub_List_No_InitialSort}
}

@misc{Carey1816,
  title = {Africa},
  author = {Carey, Mathew and Warner, Benjamin},
  date = {1816},
  publisher = {M. Carey and B. Warner},
  address = {Philadelphia},
  url = {https://www.davidrumsey.com/luna/servlet/detail/RUMSEY~8~1~218707~5504275:Africa?sort=Pub_List_No_InitialSort}
}

@misc{Lapie1816,
  title = {Afrique},
  author = {Lapie, M. Pierre},
  date = {1816},
  publisher = {Magimel, Anselin, et Pochard},
  address = {Paris},
  url = {https://www.davidrumsey.com/luna/servlet/detail/RUMSEY~8~1~307070~90076867:Afrique?sort=Pub_List_No_InitialSort}
}

@misc{Brue1816,
  title = {L'Afrique},
  author = {Brue, Adrien Hubert},
  date = {1816},
  publisher = {Desray, Libraire-Editeur},
  address = {Paris},
  url = {https://www.davidrumsey.com/luna/servlet/detail/RUMSEY~8~1~25572~1040008:Composite--L-Afrique-?sort=Pub_List_No_InitialSort}
}
