@misc{RobertdeVaugondy1751, 
	 date = 1757,
	 title = {L'Europe divisee en ses principaux Etats.},
	 author = {Robert de Vaugondy, Didier, 1723-1786
Robert de Vaugondy, Gilles, 1688-1766},
	 note = {1751},
	 publisher = {Boudet
Les Auteurs},
	 address = {Paris},
	 url = {https://www.davidrumsey.com/luna/servlet/detail/RUMSEY~8~1~3914~480119}
 	}

@misc{Homann1743, 
	 date = 1752,
	 title = {Europa.},
	 author = {Homann, Johann Baptist, 1663-1724},
	 note = {1743},
	 publisher = {Homannianis Heredibus},
	 address = {},
	 url = {https://www.davidrumsey.com/luna/servlet/detail/RUMSEY~8~1~290959~90067350}
 	}

@misc{Mount1752, 
	 date = 1752,
	 title = {Pl. 19. Pt. I. A chart of the sea coast from England to the straights},
	 author = {Mount, John
Page, Thomas, 1704-1762
Mount and Page},
	 note = {1752},
	 publisher = {J. Mount and T. Page},
	 address = {London},
	 url = {https://www.davidrumsey.com/luna/servlet/detail/RUMSEY~8~1~316371~90084930}
 	}

@misc{RobertdeVaugondy1752, 
	 date = 1757,
	 title = {Romani Imperii.},
	 author = {Robert de Vaugondy, Didier, 1723-1786
Robert de Vaugondy, Gilles, 1688-1766},
	 note = {1752},
	 publisher = {Boudet
Les Auteurs},
	 address = {Paris},
	 url = {https://www.davidrumsey.com/luna/servlet/detail/RUMSEY~8~1~3907~480109}
 	}

@misc{RobertdeVaugondy1752I, 
	 date = 1757,
	 title = {Imper. Caroli Magni.},
	 author = {Robert de Vaugondy, Didier, 1723-1786
Robert de Vaugondy, Gilles, 1688-1766},
	 note = {1752},
	 publisher = {Boudet
Les Auteurs},
	 address = {Paris},
	 url = {https://www.davidrumsey.com/luna/servlet/detail/RUMSEY~8~1~3912~480117}
 	}

@misc{Euler1753, 
	 date = 1753,
	 title = {Tab. Geogr. Europae},
	 author = {Euler, Leonhard, 1707-1783},
	 note = {1753},
	 publisher = {Ex officina Michaelis},
	 address = {Berolini},
	 url = {https://www.davidrumsey.com/luna/servlet/detail/RUMSEY~8~1~290914~90062575}
 	}

@misc{Euler1753I, 
	 date = 1753,
	 title = {Tabula Geographica Europae},
	 author = {Euler, Leonhard, 1707-1783
Sauerbrey, Nicolaus Friedrich},
	 note = {1753},
	 publisher = {Ex officina Michaelis},
	 address = {Berolini},
	 url = {https://www.davidrumsey.com/luna/servlet/detail/RUMSEY~8~1~290915~90062574}
 	}

@misc{Euler1753II, 
	 date = 1753,
	 title = {(Continues) Tabula Geographica Europae},
	 author = {Euler, Leonhard, 1707-1783
Sauerbrey, Nicolaus Friedrich},
	 note = {1753},
	 publisher = {Ex officina Michaelis},
	 address = {Berolini},
	 url = {https://www.davidrumsey.com/luna/servlet/detail/RUMSEY~8~1~290916~90062573}
 	}

@misc{Euler1753III, 
	 date = 1753,
	 title = {(Continues) Tabula Geographica Europae},
	 author = {Euler, Leonhard, 1707-1783
Sauerbrey, Nicolaus Friedrich},
	 note = {1753},
	 publisher = {Ex officina Michaelis},
	 address = {Berolini},
	 url = {https://www.davidrumsey.com/luna/servlet/detail/RUMSEY~8~1~290917~90062572}
 	}

@misc{Euler1753IIII, 
	 date = 1753,
	 title = {(Continues) Tabula Geographica Europae},
	 author = {Euler, Leonhard, 1707-1783
Sauerbrey, Nicolaus Friedrich},
	 note = {1753},
	 publisher = {Ex officina Michaelis},
	 address = {Berolini},
	 url = {https://www.davidrumsey.com/luna/servlet/detail/RUMSEY~8~1~290918~90062571}
 	}

@misc{Euler1753IIIII, 
	 date = 1753,
	 title = {Composite: Tabula Geographica Europae},
	 author = {Euler, Leonhard, 1707-1783
Sauerbrey, Nicolaus Friedrich},
	 note = {1753},
	 publisher = {Ex officina Michaelis},
	 address = {Berolini},
	 url = {https://www.davidrumsey.com/luna/servlet/detail/RUMSEY~8~1~290919~90062570}
 	}

@misc{Euler1753IIIIII, 
	 date = 1753,
	 title = {Tab. Geogr. Hispaniae},
	 author = {Euler, Leonhard, 1707-1783},
	 note = {1753},
	 publisher = {Ex officina Michaelis},
	 address = {Berolini},
	 url = {https://www.davidrumsey.com/luna/servlet/detail/RUMSEY~8~1~290920~90062569}
 	}

@misc{Euler1753IIIIIII, 
	 date = 1753,
	 title = {Tabula geographica Galliae},
	 author = {Euler, Leonhard, 1707-1783
Claussen, I.C. G.},
	 note = {1753},
	 publisher = {Ex officina Michaelis},
	 address = {Berolini},
	 url = {https://www.davidrumsey.com/luna/servlet/detail/RUMSEY~8~1~290921~90062568}
 	}

@misc{Euler1753IIIIIIII, 
	 date = 1753,
	 title = {Tabula geographica Italiae},
	 author = {Euler, Leonhard, 1707-1783
Sauerbrey, Nicolaus Friedrich},
	 note = {1753},
	 publisher = {Ex officina Michaelis},
	 address = {Berolini},
	 url = {https://www.davidrumsey.com/luna/servlet/detail/RUMSEY~8~1~290922~90062567}
 	}

@misc{Euler1753IIIIIIIII, 
	 date = 1753,
	 title = {Tabula geographica Britanniae},
	 author = {Euler, Leonhard, 1707-1783},
	 note = {1753},
	 publisher = {Ex officina Michaelis},
	 address = {Berolini},
	 url = {https://www.davidrumsey.com/luna/servlet/detail/RUMSEY~8~1~290923~90062566}
 	}

@misc{Euler1753IIIIIIIIII, 
	 date = 1753,
	 title = {Tabula geographica Angliae et Walliae},
	 author = {Euler, Leonhard, 1707-1783
Sauerbrey, Nicolaus Friedrich},
	 note = {1753},
	 publisher = {Ex officina Michaelis},
	 address = {Berolini},
	 url = {https://www.davidrumsey.com/luna/servlet/detail/RUMSEY~8~1~290924~90062565}
 	}

@misc{Euler1753IIIIIIIIIII, 
	 date = 1753,
	 title = {Tabvla geographca Scotia},
	 author = {Euler, Leonhard, 1707-1783},
	 note = {1753},
	 publisher = {Ex officina Michaelis},
	 address = {Berolini},
	 url = {https://www.davidrumsey.com/luna/servlet/detail/RUMSEY~8~1~290925~90062564}
 	}

@misc{Euler1753IIIIIIIIIIII, 
	 date = 1753,
	 title = {Mappa geographica Regni Hiberniae},
	 author = {Euler, Leonhard, 1707-1783},
	 note = {1753},
	 publisher = {Ex officina Michaelis},
	 address = {Berolini},
	 url = {https://www.davidrumsey.com/luna/servlet/detail/RUMSEY~8~1~290926~90062563}
 	}

@misc{Euler1753IIIIIIIIIIIII, 
	 date = 1753,
	 title = {Tabula geogr: Belgii Universi VII Provinc},
	 author = {Euler, Leonhard, 1707-1783},
	 note = {1753},
	 publisher = {Ex officina Michaelis},
	 address = {Berolini},
	 url = {https://www.davidrumsey.com/luna/servlet/detail/RUMSEY~8~1~290927~90062562}
 	}

@misc{Euler1753IIIIIIIIIIIIII, 
	 date = 1753,
	 title = {Tab. geogr: Imperii Rom Germanici},
	 author = {Euler, Leonhard, 1707-1783},
	 note = {1753},
	 publisher = {Ex officina Michaelis},
	 address = {Berolini},
	 url = {https://www.davidrumsey.com/luna/servlet/detail/RUMSEY~8~1~290928~90062561}
 	}

@misc{Euler1753IIIIIIIIIIIIIII, 
	 date = 1753,
	 title = {Mappa geograph. circuli Westphalici, Rhenani superioris, Belgii Foederati et catholici},
	 author = {Euler, Leonhard, 1707-1783},
	 note = {1753},
	 publisher = {Ex officina Michaelis},
	 address = {Berolini},
	 url = {https://www.davidrumsey.com/luna/servlet/detail/RUMSEY~8~1~290929~90062560}
 	}

@misc{Euler1753IIIIIIIIIIIIIIII, 
	 date = 1753,
	 title = {Tabula geographica Circ. Saxoniae Superioris et Inferioris},
	 author = {Euler, Leonhard, 1707-1783},
	 note = {1753},
	 publisher = {Ex officina Michaelis},
	 address = {Berolini},
	 url = {https://www.davidrumsey.com/luna/servlet/detail/RUMSEY~8~1~290930~90062559}
 	}

@misc{Euler1753IIIIIIIIIIIIIIIII, 
	 date = 1753,
	 title = {Mappa geographica Sveviae, Helvetiae, Lotharingiae, et adjacentium Regionum},
	 author = {Euler, Leonhard, 1707-1783},
	 note = {1753},
	 publisher = {Ex officina Michaelis},
	 address = {Berolini},
	 url = {https://www.davidrumsey.com/luna/servlet/detail/RUMSEY~8~1~290931~90062558}
 	}

@misc{Euler1753IIIIIIIIIIIIIIIIII, 
	 date = 1753,
	 title = {Tabula geographica circulorum Austriaci et Bavarici imperii Romano-Germanici},
	 author = {Euler, Leonhard, 1707-1783},
	 note = {1753},
	 publisher = {Ex officina Michaelis},
	 address = {Berolini},
	 url = {https://www.davidrumsey.com/luna/servlet/detail/RUMSEY~8~1~290933~90062556}
 	}

@misc{Euler1753IIIIIIIIIIIIIIIIIII, 
	 date = 1753,
	 title = {Tabula geographica principatus Anhaltini et Finitimarum regionum},
	 author = {Euler, Leonhard, 1707-1783
Rhode, Johann Christoph
Berger, Friedrich Gottlieb},
	 note = {1753},
	 publisher = {Ex officina Michaelis},
	 address = {Berolini},
	 url = {https://www.davidrumsey.com/luna/servlet/detail/RUMSEY~8~1~290934~90062555}
 	}

@misc{Euler1753IIIIIIIIIIIIIIIIIIII, 
	 date = 1753,
	 title = {Mappa Geographica Landgrav, Thuringia cum Regionibus Adiacentibuts.},
	 author = {Euler, Leonhard, 1707-1783
Rhode, Johann Christoph
Berger, Friedrich Gottlieb},
	 note = {1753},
	 publisher = {Ex officina Michaelis},
	 address = {Berolini},
	 url = {https://www.davidrumsey.com/luna/servlet/detail/RUMSEY~8~1~290935~90062554}
 	}

@misc{Euler1753IIIIIIIIIIIIIIIIIIIII, 
	 date = 1753,
	 title = {Tabula Geographica Marchionat. Misniae et Lusatiae},
	 author = {Euler, Leonhard, 1707-1783
Rhode, Johann Christoph
Sauerbrey, Nicolaus Friedrich},
	 note = {1753},
	 publisher = {Ex officina Michaelis},
	 address = {Berolini},
	 url = {https://www.davidrumsey.com/luna/servlet/detail/RUMSEY~8~1~290936~90062553}
 	}

@misc{Euler1753IIIIIIIIIIIIIIIIIIIIII, 
	 date = 1753,
	 title = {Borussia Regia et Ducalis.},
	 author = {Euler, Leonhard, 1707-1783
Rhode, Johann Christoph
Berger, Friedrich Gottlieb},
	 note = {1753},
	 publisher = {Ex officina Michaelis},
	 address = {Berolini},
	 url = {https://www.davidrumsey.com/luna/servlet/detail/RUMSEY~8~1~290937~90062552}
 	}

@misc{Euler1753IIIIIIIIIIIIIIIIIIIIIII, 
	 date = 1753,
	 title = {Tabula Geographica Regni Poloniae},
	 author = {Euler, Leonhard, 1707-1783},
	 note = {1753},
	 publisher = {Ex officina Michaelis},
	 address = {Berolini},
	 url = {https://www.davidrumsey.com/luna/servlet/detail/RUMSEY~8~1~290938~90062551}
 	}

@misc{Euler1753IIIIIIIIIIIIIIIIIIIIIIII, 
	 date = 1753,
	 title = {Tabula Geographica Regni Hungariae cum finitimis Regionibus},
	 author = {Euler, Leonhard, 1707-1783},
	 note = {1753},
	 publisher = {Ex officina Michaelis},
	 address = {Berolini},
	 url = {https://www.davidrumsey.com/luna/servlet/detail/RUMSEY~8~1~290939~90062550}
 	}

@misc{Euler1753IIIIIIIIIIIIIIIIIIIIIIIII, 
	 date = 1753,
	 title = {Tabula Geographica Graeciae et Romaniae},
	 author = {Euler, Leonhard, 1707-1783},
	 note = {1753},
	 publisher = {Ex officina Michaelis},
	 address = {Berolini},
	 url = {https://www.davidrumsey.com/luna/servlet/detail/RUMSEY~8~1~290940~90062549}
 	}

@misc{Euler1753IIIIIIIIIIIIIIIIIIIIIIIIII, 
	 date = 1753,
	 title = {Tabula Geographica Imperii Russici},
	 author = {Euler, Leonhard, 1707-1783},
	 note = {1753},
	 publisher = {Ex officina Michaelis},
	 address = {Berolini},
	 url = {https://www.davidrumsey.com/luna/servlet/detail/RUMSEY~8~1~290944~90062545}
 	}

@misc{Anville1754, 
	 date = 1771,
	 title = {Essai d'une nouvelle carte de la Mer Caspienne.},
	 author = {Anville, Jean Baptiste Bourguignon d, 1697-1782},
	 note = {1754},
	 publisher = {J.B.B. D'Anville.},
	 address = {Paris},
	 url = {https://www.davidrumsey.com/luna/servlet/detail/RUMSEY~8~1~3025~410024}
 	}

@misc{Anville1754I, 
	 date = 1771,
	 title = {Europe 1.},
	 author = {Anville, Jean Baptiste Bourguignon d, 1697-1782},
	 note = {1754},
	 publisher = {J.B.B. D'Anville.},
	 address = {Paris},
	 url = {https://www.davidrumsey.com/luna/servlet/detail/RUMSEY~8~1~4413~410002}
 	}

@misc{Palairet1755, 
	 date = 1755,
	 title = {1. Europe.},
	 author = {Palairet, Jean},
	 note = {1755},
	 publisher = {Chez Mess. J. Nourse && P. Vaillant
P. Gosse},
	 address = {London,La Haye
London,La Haye},
	 url = {https://www.davidrumsey.com/luna/servlet/detail/RUMSEY~8~1~290850~90068404}
 	}

@misc{Palairet1755I, 
	 date = 1755,
	 title = {2. Europe.},
	 author = {Palairet, Jean},
	 note = {1755},
	 publisher = {Chez Mess. J. Nourse && P. Vaillant
P. Gosse},
	 address = {London,La Haye
London,La Haye},
	 url = {https://www.davidrumsey.com/luna/servlet/detail/RUMSEY~8~1~290851~90068403}
 	}

@misc{Palairet1755II, 
	 date = 1755,
	 title = {3. Europe.},
	 author = {Palairet, Jean},
	 note = {1755},
	 publisher = {Chez Mess. J. Nourse && P. Vaillant
P. Gosse},
	 address = {London,La Haye
London,La Haye},
	 url = {https://www.davidrumsey.com/luna/servlet/detail/RUMSEY~8~1~290852~90068402}
 	}

@misc{Declarochette1755, 
	 date = 1755,
	 title = {Europe Divided into its Empires, Kingdoms, etc.},
	 author = {Declarochette, L.
Palairet, Jean},
	 note = {1755},
	 publisher = {Chez Mess. J. Nourse && P. Vaillant
P. Gosse},
	 address = {London,La Haye
London,La Haye},
	 url = {https://www.davidrumsey.com/luna/servlet/detail/RUMSEY~8~1~290853~90068401}
 	}

@misc{, 
	 date = 1693,
	 title = {L'Europe (nom, maison, religion, etc. des souverains)},
	 author = {},
	 note = {1755},
	 publisher = {No Publisher},
	 address = {Paris},
	 url = {https://www.davidrumsey.com/luna/servlet/detail/RUMSEY~8~1~29609~1140638}
 	}

@misc{I, 
	 date = 1693,
	 title = {L'Europe (nom, maison, religion, etc. des souverains)},
	 author = {},
	 note = {1755},
	 publisher = {No Publisher},
	 address = {Paris},
	 url = {https://www.davidrumsey.com/luna/servlet/detail/RUMSEY~8~1~29611~1140640}
 	}

@misc{Mount1756, 
	 date = 1756,
	 title = {A general chart of the Northern seas},
	 author = {Mount, John
Page, Thomas, 1704-1762},
	 note = {1756},
	 publisher = {W. and J. Mount and T. Page},
	 address = {London},
	 url = {https://www.davidrumsey.com/luna/servlet/detail/RUMSEY~8~1~319240~90088169}
 	}

@misc{Mount1756I, 
	 date = 1756,
	 title = {A Chart of the Eems . A chart of Flie and part of Ameland gat.},
	 author = {Mount, John
Page, Thomas, 1704-1762},
	 note = {1756},
	 publisher = {W. and J. Mount and T. Page},
	 address = {London},
	 url = {https://www.davidrumsey.com/luna/servlet/detail/RUMSEY~8~1~319265~90088195}
 	}

@misc{Mount1756II, 
	 date = 1756,
	 title = {A chart of the Eems Elve, Weser, Eyder &amp; ye Hever with the Holy Island},
	 author = {Mount, John
Page, Thomas, 1704-1762},
	 note = {1756},
	 publisher = {W. and J. Mount and T. Page},
	 address = {London},
	 url = {https://www.davidrumsey.com/luna/servlet/detail/RUMSEY~8~1~319266~90088198}
 	}

@misc{Mount1756III, 
	 date = 1756,
	 title = {The coast of Lapland from the River of Kola to the Islands of Swetnoes},
	 author = {Mount, John
Page, Thomas, 1704-1762},
	 note = {1756},
	 publisher = {W. and J. Mount and T. Page},
	 address = {London},
	 url = {https://www.davidrumsey.com/luna/servlet/detail/RUMSEY~8~1~319300~90088142}
 	}

@misc{RobertdeVaugondy1752II, 
	 date = 1757,
	 title = {Romani Imperii.},
	 author = {Robert de Vaugondy, Didier, 1723-1786
Robert de Vaugondy, Gilles, 1688-1766},
	 note = {1752},
	 publisher = {Boudet
Les Auteurs},
	 address = {Paris},
	 url = {https://www.davidrumsey.com/luna/servlet/detail/RUMSEY~8~1~3907~480109}
 	}

@misc{RobertdeVaugondy1752III, 
	 date = 1757,
	 title = {Imper. Caroli Magni.},
	 author = {Robert de Vaugondy, Didier, 1723-1786
Robert de Vaugondy, Gilles, 1688-1766},
	 note = {1752},
	 publisher = {Boudet
Les Auteurs},
	 address = {Paris},
	 url = {https://www.davidrumsey.com/luna/servlet/detail/RUMSEY~8~1~3912~480117}
 	}

@misc{RobertdeVaugondy1751I, 
	 date = 1757,
	 title = {L'Europe divisee en ses principaux Etats.},
	 author = {Robert de Vaugondy, Didier, 1723-1786
Robert de Vaugondy, Gilles, 1688-1766},
	 note = {1751},
	 publisher = {Boudet
Les Auteurs},
	 address = {Paris},
	 url = {https://www.davidrumsey.com/luna/servlet/detail/RUMSEY~8~1~3914~480119}
 	}

@misc{RobertdeVaugondy1757, 
	 date = 1757,
	 title = {Allemagne postes.},
	 author = {Robert de Vaugondy, Gilles, 1688-1766},
	 note = {1757},
	 publisher = {Boudet
Les Auteurs},
	 address = {Paris},
	 url = {https://www.davidrumsey.com/luna/servlet/detail/RUMSEY~8~1~3995~500012}
 	}

@misc{RobertdeVaugondy1758, 
	 date = 1757,
	 title = {France postes.},
	 author = {Robert de Vaugondy, Gilles, 1688-1766},
	 note = {1758},
	 publisher = {Boudet
Les Auteurs},
	 address = {Paris},
	 url = {https://www.davidrumsey.com/luna/servlet/detail/RUMSEY~8~1~3996~500013}
 	}

@misc{Bowen1758, 
	 date = 1758,
	 title = {Europe},
	 author = {Bowen, Emanuel
Gibson, John},
	 note = {1758},
	 publisher = {J. Newberry},
	 address = {London},
	 url = {https://www.davidrumsey.com/luna/servlet/detail/RUMSEY~8~1~239109~5511643}
 	}

@misc{RobertdeVaugondy1758I, 
	 date = 1757,
	 title = {France postes.},
	 author = {Robert de Vaugondy, Gilles, 1688-1766},
	 note = {1758},
	 publisher = {Boudet
Les Auteurs},
	 address = {Paris},
	 url = {https://www.davidrumsey.com/luna/servlet/detail/RUMSEY~8~1~3996~500013}
 	}

@misc{Anville1758, 
	 date = 1771,
	 title = {Europe 2.},
	 author = {Anville, Jean Baptiste Bourguignon d, 1697-1782},
	 note = {1758},
	 publisher = {J.B.B. D'Anville.},
	 address = {Paris},
	 url = {https://www.davidrumsey.com/luna/servlet/detail/RUMSEY~8~1~4414~410003}
 	}

@misc{Lattre1759, 
	 date = 1763,
	 title = {Les isles Britanniques},
	 author = {Lattre, Jean, 1743 -1793
Janvier, Jean
Martinet},
	 note = {1759},
	 publisher = {Chez Lattre},
	 address = {Paris},
	 url = {https://www.davidrumsey.com/luna/servlet/detail/RUMSEY~8~1~289861~90061228}
 	}

@misc{Lattre1760, 
	 date = 1763,
	 title = {Les Royaumes d'Espagne et de Portugal},
	 author = {Lattre, Jean, 1743 -1793
Janvier, Jean},
	 note = {1760},
	 publisher = {Chez Lattre},
	 address = {Paris},
	 url = {https://www.davidrumsey.com/luna/servlet/detail/RUMSEY~8~1~289853~90061149}
 	}

@misc{Lattre1760I, 
	 date = 1763,
	 title = {Les Couronnes Du Nord Comprenant Les Royaumes De Suede, Danemarck Et Norwege},
	 author = {Lattre, Jean, 1743 -1793
Janvier, Jean},
	 note = {1760},
	 publisher = {Chez Lattre},
	 address = {Paris},
	 url = {https://www.davidrumsey.com/luna/servlet/detail/RUMSEY~8~1~289862~90061227}
 	}

@misc{Anville1760, 
	 date = 1771,
	 title = {Europe 3.},
	 author = {Anville, Jean Baptiste Bourguignon d, 1697-1782},
	 note = {1760},
	 publisher = {J.B.B. D'Anville.},
	 address = {Paris},
	 url = {https://www.davidrumsey.com/luna/servlet/detail/RUMSEY~8~1~4415~410004}
 	}

@misc{Anonymous1910, 
	 date = 1910,
	 title = {Dağlar ... Alps daglerink اغلر ودكزار},
	 author = {Anonymous},
	 note = {1910},
	 publisher = {},
	 address = {},
	 url = {https://www.davidrumsey.com/luna/servlet/detail/RUMSEY~8~1~328420~90096904}
 	}

@misc{Ramzi1910, 
	 date = 1910,
	 title = {Europe},
	 author = {Ramzi, Muhammad},
	 note = {1910},
	 publisher = {Maktab Tabiat Matbaasi},
	 address = {},
	 url = {https://www.davidrumsey.com/luna/servlet/detail/RUMSEY~8~1~335726~90103512}
 	}

@misc{Ramzi1910I, 
	 date = 1910,
	 title = {Outline map of Balkan Peninsula},
	 author = {Ramzi, Muhammad},
	 note = {1910},
	 publisher = {Maktab Tabiat Matbaasi},
	 address = {},
	 url = {https://www.davidrumsey.com/luna/servlet/detail/RUMSEY~8~1~335727~90103511}
 	}

@misc{Ramzi1910II, 
	 date = 1910,
	 title = {Outline map of Balkan Peninsula},
	 author = {Ramzi, Muhammad},
	 note = {1910},
	 publisher = {Maktab Tabiat Matbaasi},
	 address = {},
	 url = {https://www.davidrumsey.com/luna/servlet/detail/RUMSEY~8~1~335728~90103510}
 	}

@misc{ScarboroughCompany1910, 
	 date = 1910,
	 title = {Scarborough's map of the world, Europe, Asia, Africa and Australia, shewing countries and their colonies, principal transportation lines, etc.},
	 author = {Scarborough Company},
	 note = {1910},
	 publisher = {Scarborough Company},
	 address = {London},
	 url = {https://www.davidrumsey.com/luna/servlet/detail/RUMSEY~8~1~339600~90107744}
 	}

@misc{II, 
	 date = ,
	 title = {},
	 author = {},
	 note = {},
	 publisher = {},
	 address = {},
	 url = {https://www.davidrumsey.com/luna/servlet/detail/RUMSEY~8~1~37634~1210624}
 	}

@misc{Bellin1761, 
	 date = 1764,
	 title = {Carte Des Costes De France : depuis Brest jusqua Bayone},
	 author = {Bellin, Jacques Nicolas, 1703-1772},
	 note = {1761},
	 publisher = {J.N. Bellin},
	 address = {Paris},
	 url = {https://www.davidrumsey.com/luna/servlet/detail/RUMSEY~8~1~233398~5509827}
 	}

@misc{Bellin1761I, 
	 date = 1764,
	 title = {Carte Reduite Des Costes De France Et D'Espagne},
	 author = {Bellin, Jacques Nicolas, 1703-1772},
	 note = {1761},
	 publisher = {J.N. Bellin},
	 address = {Paris},
	 url = {https://www.davidrumsey.com/luna/servlet/detail/RUMSEY~8~1~233400~5509828}
 	}

@misc{Lattre1761, 
	 date = 1763,
	 title = {L'Empire d'Allemagne},
	 author = {Lattre, Jean, 1743 -1793
Janvier, Jean},
	 note = {1761},
	 publisher = {Chez Lattre},
	 address = {Paris},
	 url = {https://www.davidrumsey.com/luna/servlet/detail/RUMSEY~8~1~289857~90061232}
 	}

@misc{Lotter1762, 
	 date = 1762,
	 title = {Europa},
	 author = {Lotter, Tobias Conrad
Lobeck, Tobias},
	 note = {1762},
	 publisher = {Tobias Lobeck},
	 address = {Augsburg},
	 url = {https://www.davidrumsey.com/luna/servlet/detail/RUMSEY~8~1~238581~5511518}
 	}

@misc{Lattre1762, 
	 date = 1762,
	 title = {No. 2. L'Europe divisee en ses principaux etats},
	 author = {Lattre, Jean, 1743 -1793
Janvier, Jean Denis.},
	 note = {1762},
	 publisher = {Lettre et Jean Thomas Herissant},
	 address = {Paris},
	 url = {https://www.davidrumsey.com/luna/servlet/detail/RUMSEY~8~1~327995~90096530}
 	}

@misc{Lattre1762I, 
	 date = 1762,
	 title = {No. 22: Russie d'Europe : avec la partie la plus peuplee de celle d' Asie.},
	 author = {Lattre, Jean, 1743 -1793
Janvier, Jean Denis},
	 note = {1762},
	 publisher = {Lettre et Jean Thomas Herissant},
	 address = {Paris},
	 url = {https://www.davidrumsey.com/luna/servlet/detail/RUMSEY~8~1~328018~90096546}
 	}

@misc{Lattre1762II, 
	 date = 1762,
	 title = {No. 23: Turquie d'Europe et partie de celle d'Asie},
	 author = {Lattre, Jean, 1743 -1793
Janvier, Jean Denis},
	 note = {1762},
	 publisher = {Lettre et Jean Thomas Herissant},
	 address = {Paris},
	 url = {https://www.davidrumsey.com/luna/servlet/detail/RUMSEY~8~1~328019~90096554}
 	}

@misc{Andriveau-Goujon1763, 
	 date = 1830,
	 title = {Orbis Romani, pars occidentalis},
	 author = {Andriveau-Goujon, J.
Anville, Jean Baptiste Bourguignon d, 1697-1782},
	 note = {1763},
	 publisher = {J. Andriveau-Goujon},
	 address = {Paris},
	 url = {https://www.davidrumsey.com/luna/servlet/detail/RUMSEY~8~1~279613~90052656}
 	}

@misc{Dury1763, 
	 date = 1763,
	 title = {Europe.},
	 author = {Dury, Andrew.},
	 note = {1763},
	 publisher = {Dury, Sayer, && Bowles.},
	 address = {London},
	 url = {https://www.davidrumsey.com/luna/servlet/detail/RUMSEY~8~1~285650~90058165}
 	}

@misc{Lattre1769, 
	 date = 1763,
	 title = {L'Europe divisee en ses principaux etats},
	 author = {Lattre, Jean, 1743 -1793
Janvier, Jean},
	 note = {1769},
	 publisher = {Chez Lattre},
	 address = {Paris},
	 url = {https://www.davidrumsey.com/luna/servlet/detail/RUMSEY~8~1~289836~90061132}
 	}

@misc{Lattre1776, 
	 date = 1763,
	 title = {Le Royaume De France},
	 author = {Lattre, Jean, 1743 -1793
Janvier, Jean},
	 note = {1776},
	 publisher = {Chez Lattre},
	 address = {Paris},
	 url = {https://www.davidrumsey.com/luna/servlet/detail/RUMSEY~8~1~289840~90061136}
 	}

@misc{Lattre1769I, 
	 date = 1763,
	 title = {La France : divisee Par Generalites},
	 author = {Lattre, Jean, 1743 -1793
Janvier, Jean},
	 note = {1769},
	 publisher = {Chez Lattre},
	 address = {Paris},
	 url = {https://www.davidrumsey.com/luna/servlet/detail/RUMSEY~8~1~289841~90061137}
 	}

@misc{III, 
	 date = ,
	 title = {},
	 author = {},
	 note = {},
	 publisher = {},
	 address = {},
	 url = {https://www.davidrumsey.com/luna/servlet/detail/RUMSEY~8~1~289842~90061138}
 	}

@misc{IIII, 
	 date = ,
	 title = {},
	 author = {},
	 note = {},
	 publisher = {},
	 address = {},
	 url = {https://www.davidrumsey.com/luna/servlet/detail/RUMSEY~8~1~289843~90061139}
 	}

@misc{IIIII, 
	 date = ,
	 title = {},
	 author = {},
	 note = {},
	 publisher = {},
	 address = {},
	 url = {https://www.davidrumsey.com/luna/servlet/detail/RUMSEY~8~1~289844~90061140}
 	}

@misc{IIIIII, 
	 date = ,
	 title = {},
	 author = {},
	 note = {},
	 publisher = {},
	 address = {},
	 url = {https://www.davidrumsey.com/luna/servlet/detail/RUMSEY~8~1~289845~90061141}
 	}

@misc{IIIIIII, 
	 date = ,
	 title = {},
	 author = {},
	 note = {},
	 publisher = {},
	 address = {},
	 url = {https://www.davidrumsey.com/luna/servlet/detail/RUMSEY~8~1~289846~90061142}
 	}

@misc{IIIIIIII, 
	 date = ,
	 title = {},
	 author = {},
	 note = {},
	 publisher = {},
	 address = {},
	 url = {https://www.davidrumsey.com/luna/servlet/detail/RUMSEY~8~1~289847~90061143}
 	}

@misc{IIIIIIIII, 
	 date = ,
	 title = {},
	 author = {},
	 note = {},
	 publisher = {},
	 address = {},
	 url = {https://www.davidrumsey.com/luna/servlet/detail/RUMSEY~8~1~289848~90061144}
 	}

@misc{IIIIIIIIII, 
	 date = ,
	 title = {},
	 author = {},
	 note = {},
	 publisher = {},
	 address = {},
	 url = {https://www.davidrumsey.com/luna/servlet/detail/RUMSEY~8~1~289849~90061145}
 	}

@misc{IIIIIIIIIII, 
	 date = ,
	 title = {},
	 author = {},
	 note = {},
	 publisher = {},
	 address = {},
	 url = {https://www.davidrumsey.com/luna/servlet/detail/RUMSEY~8~1~289850~90061146}
 	}

@misc{IIIIIIIIIIII, 
	 date = ,
	 title = {},
	 author = {},
	 note = {},
	 publisher = {},
	 address = {},
	 url = {https://www.davidrumsey.com/luna/servlet/detail/RUMSEY~8~1~289851~90061147}
 	}

@misc{IIIIIIIIIIIII, 
	 date = ,
	 title = {},
	 author = {},
	 note = {},
	 publisher = {},
	 address = {},
	 url = {https://www.davidrumsey.com/luna/servlet/detail/RUMSEY~8~1~289852~90061148}
 	}

@misc{IIIIIIIIIIIIII, 
	 date = ,
	 title = {},
	 author = {},
	 note = {},
	 publisher = {},
	 address = {},
	 url = {https://www.davidrumsey.com/luna/servlet/detail/RUMSEY~8~1~289853~90061149}
 	}

@misc{IIIIIIIIIIIIIII, 
	 date = ,
	 title = {},
	 author = {},
	 note = {},
	 publisher = {},
	 address = {},
	 url = {https://www.davidrumsey.com/luna/servlet/detail/RUMSEY~8~1~289854~90061235}
 	}

@misc{IIIIIIIIIIIIIIII, 
	 date = ,
	 title = {},
	 author = {},
	 note = {},
	 publisher = {},
	 address = {},
	 url = {https://www.davidrumsey.com/luna/servlet/detail/RUMSEY~8~1~289855~90061234}
 	}

@misc{IIIIIIIIIIIIIIIII, 
	 date = ,
	 title = {},
	 author = {},
	 note = {},
	 publisher = {},
	 address = {},
	 url = {https://www.davidrumsey.com/luna/servlet/detail/RUMSEY~8~1~289856~90061233}
 	}

@misc{IIIIIIIIIIIIIIIIII, 
	 date = ,
	 title = {},
	 author = {},
	 note = {},
	 publisher = {},
	 address = {},
	 url = {https://www.davidrumsey.com/luna/servlet/detail/RUMSEY~8~1~289857~90061232}
 	}

@misc{IIIIIIIIIIIIIIIIIII, 
	 date = ,
	 title = {},
	 author = {},
	 note = {},
	 publisher = {},
	 address = {},
	 url = {https://www.davidrumsey.com/luna/servlet/detail/RUMSEY~8~1~289861~90061228}
 	}

@misc{IIIIIIIIIIIIIIIIIIII, 
	 date = ,
	 title = {},
	 author = {},
	 note = {},
	 publisher = {},
	 address = {},
	 url = {https://www.davidrumsey.com/luna/servlet/detail/RUMSEY~8~1~289862~90061227}
 	}

@misc{IIIIIIIIIIIIIIIIIIIII, 
	 date = ,
	 title = {},
	 author = {},
	 note = {},
	 publisher = {},
	 address = {},
	 url = {https://www.davidrumsey.com/luna/servlet/detail/RUMSEY~8~1~289863~90061159}
 	}

@misc{IIIIIIIIIIIIIIIIIIIIII, 
	 date = ,
	 title = {},
	 author = {},
	 note = {},
	 publisher = {},
	 address = {},
	 url = {https://www.davidrumsey.com/luna/servlet/detail/RUMSEY~8~1~289864~90061160}
 	}

@misc{IIIIIIIIIIIIIIIIIIIIIII, 
	 date = ,
	 title = {},
	 author = {},
	 note = {},
	 publisher = {},
	 address = {},
	 url = {https://www.davidrumsey.com/luna/servlet/detail/RUMSEY~8~1~289883~90061179}
 	}

@misc{IIIIIIIIIIIIIIIIIIIIIIII, 
	 date = ,
	 title = {},
	 author = {},
	 note = {},
	 publisher = {},
	 address = {},
	 url = {https://www.davidrumsey.com/luna/servlet/detail/RUMSEY~8~1~3040~410039}
 	}

